3536 5156
722 1999 873 2070 CAPUT
894 1999 956 2069 XX

739 2185 931 2267 Effundam.

421 2371 714 2454 QUEMADMODUM
726 2369 877 2450 Godfrey
887 2368 1058 2453 paulisper
1072 2390 1176 2451 supra
1190 2367 1338 2437 cadaver

338 2471 560 2552 inclinaverit,
576 2470 678 2552 idque
694 2477 835 2552 stupens
860 2470 1040 2551 aspexerit,
1066 2475 1101 2538 et
1127 2475 1202 2538 turn
1228 2467 1341 2536 subito

339 2578 415 2640 cato
440 2571 561 2652 vagitu
588 2592 649 2653 per
675 2579 829 2652 apertam
854 2573 946 2641 illam
972 2569 1111 2639 ianuam
1137 2567 1341 2652 proruperit,

339 2672 481 2741 confuse
496 2678 631 2740 tanturn
646 2671 793 2741 memini.
816 2671 948 2742 Alicubi
970 2671 1073 2740 ianua
1087 2689 1213 2752 magno
1227 2667 1341 2738 sonitu

339 2772 484 2854 impulsa
498 2771 701 2853 percrepuit,
717 2772 880 2854 strepitus
893 2772 1020 2854 pedum
1045 2768 1256 2839 currentium
1282 2789 1342 2836 au·

341 2871 507 2952 diebatur‚
524 2877 560 2939 et
573 2877 760 2952 antequam
786 2873 858 2941 sive
884 2893 949 2954 ego
964 2870 1036 2940 sive
1051 2869 1243 2940 Sirnmonds
1258 2867 1341 2950 quid

341 2971 508 3040 evenisset
522 2971 813 3053 intellexissemus,
830 2971 982 3054 Godfrey
995 2971 1063 3040 iam
1077 2971 1204 3040 iterum
1226 2969 1262 3037 in
1284 2989 1342 3038 cu-

340 3072 490 3141 biculum
505 3092 674 3153 reversus,
690 3070 724 3140 id
740 3093 809 3141 uno
825 3073 914 3142 saltu
930 3071 1131 3155 pervolavit,
1144 3069 1188 3139 ad
1203 3069 1342 3138 ianuam

345 3173 559 3254 procucurrit
584 3170 620 3240 in
644 3171 811 3241 ambitum
838 3172 1020 3241 ducentem
1044 3169 1158 3254 paullo
1179 3177 1259 3240 ante
1284 3169 1345 3238 im·

342 3273 483 3354 pulsam.

424 3372 502 3442 Vidi
517 3393 596 3440 eum
612 3372 826 3441 acerbissimo
841 3379 966 3442 conatu
981 3392 1100 3441 ansam
1111 3377 1254 3452 tentare,
1266 3375 1342 3438 turn

341 3472 426 3542 duos
441 3493 578 3554 gressus
593 3472 760 3553 recedere,
786 3494 889 3555 seque
916 3471 1073 3541 omnibus
1098 3470 1230 3540 viribus
1245 3471 1279 3539 in
1295 3470 1342 3538 ia-

340 3594 446 3642 nuam
462 3572 682 3654 praecipitare.
705 3572 786 3642 Haec
802 3579 917 3642 tamen
932 3573 1099 3655 impetum
1113 3570 1256 3640 firmiter
1269 3591 1342 3640 sus·

340 3673 454 3753 tinuit,
478 3695 586 3754 quum
611 3694 653 3741 ex
668 3671 799 3741 ambitu
821 3673 905 3742 foris
930 3672 1114 3741 cachinnus
1139 3669 1342 3740 audiebatur

341 3772 531 3853 derisorius,
547 3794 615 3855 quo
631 3772 712 3840 mihi
727 3773 801 3841 fere
814 3773 953 3855 sanguis
975 3770 1090 3854 riguit.

424 3871 521 3941 “Huc
536 3871 661 3953 venite,
677 3872 767 3941 fatui
778 3871 807 3940 !”
821 3874 919 3954 vagit
933 3871 1093 3941 dentibus
1116 3870 1239 3954 pressis
1254 3869 1342 3940 God-

340 3973 427 4054 frey.
450 3970 593 4040 “Nonne
609 3971 732 4041 videtis
745 3993 826 4041 euin
848 3973 1003 4055 effugere
1012 3971 1049 4041 ?''

422 4071 675 4141 Simmondsrne
685 4072 823 4141 celerior
833 4079 916 4154 erat;
926 4071 1248 4141 nuncsimulianuae
1256 4069 1342 4140 irru-

338 4179 411 4242 unt
429 4172 488 4242 llla
503 4171 667 4242 stridebat
683 4171 829 4256 quidem,
845 4172 904 4242 sed
922 4193 1028 4258 usque
1039 4171 1202 4243 sustinuit
1212 4192 1220 4255 ;
1232 4177 1342 4242 tenta·
