3500 5158
411 906 474 976 292
675 921 883 976 nrsrnuun
904 921 1012 977 anem
1032 915 1152 976 poure

413 1089 634 1174 dispectabat,
651 1090 820 1174 palpando
835 1091 963 1175 aliquid
978 1090 1075 1160 iuxta
1095 1111 1205 1161 unum
1220 1091 1312 1161 latus
1326 1112 1417 1176 quae-

415 1189 552 1273 ritabat,
567 1190 714 1274 denique
729 1191 764 1260 in
779 1190 939 1274 pulvinar
953 1190 1082 1260 recidit

499 1291 566 1371 Qui
581 1313 623 1360 ea
636 1297 735 1360 nocte
751 1291 891 1361 domum
905 1292 942 1360 in
957 1291 1138 1361 Marathon
1148 1290 1312 1374 venerim,
1324 1313 1418 1375 pror·

416 1411 475 1460 sus
489 1411 558 1459 non
572 1390 721 1460 memini.
742 1391 941 1462 verosimile
964 1397 1019 1460 est
1041 1390 1185 1474 pedibus
1209 1397 1338 1462 memet
1359 1392 1417 1462 do

416 1510 512 1560 mum
527 1491 727 1573 contulisse;
750 1491 898 1574 primurn
913 1491 1005 1575 quod
1017 1491 1158 1560 memini
1167 1499 1243 1562 erat
1257 1513 1312 1561 me
1327 1491 1419 1562 domi

417 1611 501 1673 esse,
516 1597 552 1661 et
566 1590 602 1660 in
615 1590 776 1661 artisellio
797 1592 943 1661 maxime
967 1591 1144 1661 commodo
1167 1591 1343 1662 sedentem
1364 1593 1420 1662 iu-

417 1711 523 1760 mare.
555 1691 654 1775 Quod
679 1691 778 1761 tuma
803 1713 944 1762 accensa
968 1697 1044 1761 erat
1067 1699 1274 1775 argumento
1297 1698 1350 1762 est
1364 1713 1420 1763 me

418 1812 495 1860 eam
509 1792 713 1874 mechanica,
737 1792 880 1874 fereque
903 1792 1054 1862 alienum
1079 1797 1197 1862 rnente
1219 1793 1421 1876 accendisse,

418 1890 558 1973 perinde
581 1899 686 1975 atque
711 1892 840 1962 otiandi
860 1892 1024 1962 amictum
1038 1891 1197 1962 induisse.
1220 1892 1364 1976 Respexi
1384 1893 1421 1962 in

419 1990 665 2074 horologiolum
678 1991 818 2075 vidique
833 1992 951 2061 horam
966 2012 1071 2075 prope
1085 1991 1153 2061 iam
1168 1998 1327 2075 quartum
1338 2013 1421 2062 esse.

503 2091 674 2161 Verticem
684 2092 805 2176 capitis
818 2092 885 2161 mei
900 2099 1077 2175 tamquam
1091 2092 1181 2163 febri
1194 2092 1314 2163 ardere
1322 2091 1422 2175 sensi,

420 2191 642 2273 quamobrem
675 2191 844 2262 latrinam¹
883 2191 1067 2274 ingressus,
1097 2197 1202 2275 caput
1233 2191 1423 2275 epistomio²

420 2310 520 2373 aquae
529 2291 650 2373 gelidae
658 2291 829 2375 supposui.
837 2291 900 2360 Hic
907 2291 991 2360 mihi
999 2291 1147 2375 stringor
1155 2291 1339 2362 admodum
1347 2312 1424 2376 pro-

420 2390 499 2472 fuit;
515 2411 623 2473 quum
639 2398 755 2461 autem
770 2412 826 2460 me
835 2390 973 2460 sabano³
984 2390 1151 2461 acerrime
1159 2391 1424 2475 perfricuissem,

422 2489 532 2559 multo
547 2489 667 2561 melius
685 2512 740 2560 me
756 2491 870 2560 habui.
888 2491 1009 2575 ltaque
1020 2491 1143 2561 moxin
1154 2491 1353 2562 artisellium
1373 2511 1425 2561 re·

421 2611 552 2673 versus,
575 2591 683 2660 totius
703 2612 856 2674 vesperae
881 2598 1027 2661 eventus
1049 2590 1263 2661 commodum
1277 2592 1424 2662 recolere

422 2690 519 2773 coepi;
544 2691 654 2774 reperi
677 2697 792 2760 tamen
815 2691 968 2760 animum
982 2691 1068 2762 adeo
1091 2693 1254 2774 languere
1277 2697 1320 2762 ut
1343 2698 1425 2762 ante

422 2790 540 2860 oculus
554 2813 647 2861 meos
661 2791 787 2861 iterum
802 2791 869 2860 atri
884 2791 1000 2861 circuli
1013 2797 1186 2874 gyrarent

506 2889 599 2961 “Iam
613 2891 730 2960 monui
747 2891 898 2974 Godrrey
913 2913 968 2961 me
983 2892 1106 2962 harum
1127 2913 1243 2962 rerum
1256 2891 1340 2962 nihil
1353 2913 1424 2962 am·

422 2989 510 3074 plius
525 2991 692 3061 sustinere
707 2991 836 3076 posse,''
849 3013 985 3061 mecum
998 2991 1204 3074 mussabam,
1214 3012 1254 3062 ac
1268 2991 1341 3062 sine
1355 3011 1426 3061 mo·

422 3112 461 3160 ra
475 3090 510 3160 in
526 3091 681 3161 lectuale⁴
706 3113 761 3161 me
783 3091 894 3174 recepi
916 3091 1120 3174 cubiculum,
1144 3113 1212 3161 non
1237 3091 1309 3163 sine
1324 3092 1427 3162 mole·

423 3191 489 3260 stia
503 3212 558 3260 me
572 3191 661 3273 exui,
676 3191 859 3274 lumenque
874 3191 1030 3261 exstinxi.

506 3291 598 3361 Dum
612 3291 647 3360 in
658 3293 744 3361 lecto
756 3290 924 3361 cubabam
936 3290 1098 3360 insomnis
1108 3290 1268 3361 tenebras
1277 3289 1426 3366 intuens.

423 3391 561 3460 aculeus
583 3391 686 3460 unius
708 3391 922 3473 cogitationis
936 3390 980 3460 ad
1002 3390 1203 3473 erigendum
1217 3411 1273 3462 me
1289 3389 1427 3461 inlecto

423 3513 479 3560 me
494 3491 666 3573 compulit.

525 3709 549 3760 1.
566 3705 707 3770 Lutrtnu,
729 3723 776 3760 aa:
797 3713 971 3760 contractum
989 3723 1004 3760 e
1022 3705 1185 3770 montrum,
1206 3705 1370 3770 cubiculum,
1388 3721 1430 3760 ea·

425 3807 501 3844 mera
514 3791 560 3844 ubi
574 3806 624 3844 nos
638 3790 770 3844 lavamus.

523 3876 548 3928 2.
565 3872 775 3941 Epistomium,
793 3873 842 3927 -ie
856 3890 910 3941 quo
922 3891 1021 3942 aquam
1038 3891 1054 3927 e
1071 3873 1240 3936 canaliculis,
1253 3873 1312 3927 slve
1325 3873 1430 3927 tubulis

424 3973 503 4011 versa
516 3958 636 4020 cochlea,
649 3958 694 4010 vel
708 3958 850 4020 vecticula,
862 3958 995 4011 elicimus.

526 4042 550 4095 3.
567 4039 726 4103 Sdbauum,
743 4039 792 4093 -ia's
810 4042 938 4102 mantele,
957 4041 1086 4103 mantela,
1104 4040 1264 4104 mantelum,
1289 4045 1426 4094 manuter-

426 4125 512 4190 gium,
526 4139 580 4190 quo
593 4123 640 4190 qui
653 4124 769 4186 vultum,
783 4130 831 4177 aut
843 4139 949 4186 manus,
962 4123 1069 4188 laverit,
1081 4125 1213 4192 deterget.

523 4209 548 4260 4.
564 4204 712 4269 Leotuule,
729 4205 778 4271 -ίε,
796 4223 832 4261 n.:
847 4207 1011 4271 cubiculum,
1024 4207 1072 4261 ubi
1085 4205 1179 4262 lectur
1196 4212 1261 4262 stet.
