3500 5158
700 1915 850 1985 CAPUT
872 1915 982 1985 XXIV

682 2103 860 2172 secretum
876 2102 988 2170 Arca.

420 2285 591 2355 GODFREY
611 2285 694 2353 mihi
709 2285 743 2353 in
759 2283 928 2367 crepidine
944 2284 1114 2365 valedixit,
1130 2291 1165 2352 et
1180 2282 1222 2350 ad
1238 2305 1335 2352 suam

337 2385 504 2455 officinam
519 2384 722 2467 properavit,
738 2391 779 2452 ut
794 2390 940 2453 eventus
954 2384 1019 2453 diei
1033 2384 1068 2452 in
1083 2389 1233 2453 tractatu
1249 2405 1337 2452 com-

336 2484 571 2568 prehenderet,
587 2484 744 2567 quocirca
759 2483 839 2552 mihi
854 2484 922 2552 iam
934 2484 967 2552 in
979 2491 1191 2553 antecessum
1207 2490 1335 2552 consta·

336 2586 396 2655 bat
409 2607 490 2654 eum
514 2605 625 2653 mores
648 2584 874 2664 Americanos,
899 2584 1086 2667 praesertim
1112 2605 1196 2667 quos
1222 2583 1337 2664 Grady

337 2684 547 2764 exhibuerat,
558 2682 829 2765 perstricturum.
841 2683 1024 2766 Caeterum,
1036 2684 1127 2765 quod
1138 2683 1180 2752 ad
1190 2704 1245 2750 me
1259 2683 1337 2751 atti-

336 2791 406 2866 net,
422 2783 486 2853 iste
501 2784 556 2852 vel
571 2782 724 2852 modicus
739 2783 826 2852 aeris
847 2784 922 2852 salsi
938 2783 1084 2852 haustus
1098 2782 1163 2852 cibi
1177 2787 1337 2865 appeten·

336 2885 420 2954 tiam
434 2883 525 2953 haud
542 2905 663 2966 parum
679 2883 850 2952 exacuisse
865 2883 947 2951 mihi
962 2883 1112 2966 parebat,
1128 2882 1218 2954 unde
1233 2883 1337 2965 pilen-

337 2993 373 3054 to
382 2983 555 3054 meritorio
563 3004 618 3052 me
629 2983 672 3052 ad
684 2983 823 3065 Murray
835 2982 1093 3053 convehendum
1108 2983 1232 3063 censui,
1244 2981 1336 3064 quod

337 3091 496 3154 caeteram
521 3105 673 3165 vesperae
699 3090 832 3165 partem
847 3105 953 3153 coenae
974 3083 1110 3153 lautiori
1134 3083 1337 3152 accumbens

337 3183 538 3267 explendam
564 3183 678 3252 statui.
701 3181 883 3265 Caeterum,
909 3183 972 3252 nisi
999 3184 1062 3253 sim
1077 3184 1112 3252 in
1127 3191 1219 3252 certo
1242 3189 1335 3251 statu

336 3283 449 3365 animi,
463 3304 574 3365 ganea
588 3283 729 3364 Murray
743 3305 812 3350 non
821 3305 875 3352 me
886 3283 1070 3352 admodum
1082 3283 1224 3352 allectat.
1236 3282 1336 3351 Tem-

336 3385 432 3468 plum
445 3383 481 3452 in
496 3384 623 3465 angulo
638 3382 952 3465 pseudo-Graecum,
967 3404 1046 3452 cum
1062 3405 1151 3466 aqua
1176 3405 1237 3465 per
1259 3403 1335 3464 gra-

337 3485 401 3554 dus
425 3482 638 3564 decurrente,
663 3482 753 3551 fictae
778 3482 856 3551 dein
880 3483 990 3552 nubes
1015 3505 1093 3566 quae
1115 3505 1176 3566 per
1196 3482 1335 3564 laquear

337 3583 472 3654 fluitare
485 3582 699 3663 simulantur,
714 3603 841 3651 mensae
858 3583 976 3652 vitreae
998 3584 1041 3652 ab
1066 3583 1133 3651 imo
1158 3583 1334 3651 illustratae

337 3689 515 3754 -cuncta
528 3682 611 3764 haec‚
627 3683 823 3765 quotidiano
839 3683 977 3766 quidem
999 3705 1092 3752 more
1115 3682 1271 3764 vulgaria
1286 3682 1335 3750 vi-

338 3783 463 3852 dentur
478 3803 517 3852 ac
533 3782 632 3862 trita;
654 3782 797 3851 subinde
814 3790 938 3864 tamen,
955 3805 1062 3865 quum
1078 3783 1213 3852 animus
1225 3782 1260 3850 in
1275 3803 1334 3851 cu-

336 3883 424 3953 riosa
438 3904 478 3951 ac
492 3881 671 3964 peregrina
685 3881 803 3963 inhiat,
816 3905 926 3964 ganea
942 3883 1082 3965 Murray
1096 3883 1214 3966 placet,
1226 3903 1334 3964 quum

336 3985 431 4053 lauta
444 3981 719 4051 muliercularum
734 3982 942 4064 indumenta,
956 3984 1104 4052 nitentes
1118 3982 1261 4065 humeri,
1277 4004 1333 4050 ve·

337 4083 499 4164 nustique
513 4081 632 4152 vultus
646 4083 680 4150 in
695 4083 759 4151 hac
773 4083 930 4164 congerie
944 4083 1162 4164 ineptiarum,
1177 4082 1259 4150 satis
1273 4103 1333 4150 va-

338 4183 410 4254 lent
424 4203 502 4268 quae
518 4181 630 4252 animo
646 4182 728 4268 quid
742 4183 873 4269 pictorii
887 4205 927 4254 ac
942 4183 1064 4269 poetici
1088 4189 1274 4265 suggerant
1295 4203 1334 4252 ac
