3536 5156
416 900 478 969 188
677 917 885 972 uusmnmu
906 918 1014 972 unca
1034 912 1153 974 noum

495 1083 682 1156 “Postridie
708 1086 816 1156 tristis
842 1088 917 1156 eius
941 1087 1119 1169 eventus‚”
1145 1086 1298 1157 suaviter
1319 1086 1415 1156 fatur

412 1184 629 1269 Goldberger,
646 1185 756 1257 “tuin
772 1189 907 1257 Record
929 1189 1101 1270 evulgasti
1124 1187 1282 1270 effigiem,
1309 1207 1413 1269 quam

410 1292 451 1355 tu
466 1285 540 1356 eius
555 1287 706 1356 mulieris
719 1309 792 1357 esse
807 1287 955 1371 voluisti,
970 1310 1048 1371 quae
1062 1287 1168 1372 pridie
1183 1287 1316 1370 vesperi
1324 1286 1414 1357 Van·
1460 1299 1464 1306 '

410 1387 482 1456 tine
496 1386 633 1469 viserat,
649 1409 796 1470 quaeque
811 1388 933 1458 ultima
954 1388 1105 1458 creditur
1129 1387 1237 1458 fuisse
1260 1387 1412 1457 omnium

411 1487 470 1570 qui
485 1508 565 1556 eum
580 1487 700 1557 vivum
714 1488 888 1558 vidissent.
911 1489 1010 1559 Unde
1024 1510 1100 1558 eam
1116 1487 1263 1571 effigiem
1279 1487 1413 1558 obtinu-

411 1587 468 1656 isti
476 1586 513 1656 ?''

495 1684 698 1770 “Exemplar
712 1687 781 1757 fuit
795 1687 868 1758 eius
884 1709 987 1774 quam
1014 1688 1144 1758 Drouet
1167 1688 1203 1756 in
1228 1692 1412 1771 pagmento

410 1787 606 1870 horologioli
622 1788 803 1870 gestavit,”
819 1788 991 1858 resdondit
1007 1788 1167 1870 Godfrey.

494 1886 677 1968 “Exinde’'
691 1887 803 1970 pergit
819 1887 1037 1970 Goldberger‚
1053 1887 1174 1957 “huius
1188 1887 1352 1970 portionis
1359 1907 1412 1957 ca·

411 1990 469 2056 sus
483 1987 612 2057 nullam
626 1987 739 2057 fecisti
754 1988 974 2057 mentionem.
990 1988 1086 2058 Licet
1107 1988 1185 2057 inde
1208 2009 1354 2071 arguere
1375 1993 1411 2056 te

410 2087 619 2158 erravisse?”

494 2186 587 2257 “Imo
601 2193 729 2270 contra,
746 2188 849 2257 etiam
863 2188 1005 2270 probavi
1020 2210 1075 2257 me
1091 2209 1212 2258 verum
1226 2188 1380 2258 dixisse.''

493 2285 640 2358 “Vultus
653 2286 862 2371 Goldberger
877 2288 1056 2358 rubescere
1070 2288 1184 2372 coepit,
1195 2309 1258 2357 nec
1268 2293 1409 2371 aspectu

408 2387 478 2457 fuit
491 2387 671 2457 iucundus.

493 2485 637 2556 “Nonne
650 2487 765 2570 potius
779 2493 896 2571 agens¹
913 2488 1117 2558 vocabulum
1128 2495 1181 2558 est
1195 2486 1380 2571 ‘probaret’
1389 2487 1408 2516 ”

408 2587 543 2672 quant.

492 2687 560 2757 “At
574 2695 707 2758 rectum
723 2688 961 2759 vocabulum.”

493 2786 663 2869 “Quinam
677 2788 747 2858 fuit
761 2788 912 2858 mulieris
932 2810 1011 2858 cum
1034 2789 1172 2859 homine
1197 2789 1254 2859 illo
1278 2787 1408 2858 Drouet

408 2888 561 2959 nexus?”

492 2987 631 3058 “Amica
646 2988 720 3058 eius
733 2988 834 3058 fuit.”

491 3087 627 3158 “Nimia
655 3088 689 3158 id
718 3088 842 3158 fiducia
869 3089 982 3173 dicis,”
1006 3090 1118 3172 inquit
1139 3088 1347 3170 Goldberger
1362 3089 1409 3158 la-

408 3188 471 3258 biis
485 3188 775 3258 convolventibus
798 3187 960 3271 “Famem
975 3196 1156 3272 postremo,
1178 3189 1213 3258 id
1237 3188 1319 3257 nihil
1344 3188 1407 3258 nisi

407 3287 585 3358 hariolatio
600 3295 663 3370 est,
678 3310 792 3357 nonne
801 3289 838 3358 ?'’

490 3387 650 3459 “Fiducia
663 3389 793 3471 loquor,
808 3388 940 3458 ratione
955 3390 1110 3471 ductus,’'
1131 3388 1337 3472 compositus
1356 3410 1408 3458 re·

408 3489 498 3572 gerit
512 3488 673 3572 money,
690 3487 986 3572 “quandoquidem
1002 3490 1123 3561 mulier
1139 3512 1194 3560 me
1208 3511 1322 3559 coram
1333 3496 1407 3559 tan·

407 3589 550 3659 tundem
565 3590 659 3659 fassa
674 3589 757 3658 est.”

490 3689 640 3771 Godrrey
655 3689 781 3758 iterum
796 3689 944 3759 erubuit.

489 3788 556 3859 “Ni
582 3789 682 3860 fallor
704 3788 808 3858 etiam
832 3790 926 3859 fassa
951 3796 1004 3859 est
1029 3789 1138 3872 ipsam
1154 3811 1189 3859 se
1205 3789 1311 3858 fuisse
1327 3809 1405 3872 quae

405 3888 553 3960 Vantine
567 3889 736 3960 viserat?”
751 3888 983 3959 cavillabatur.

504 4125 528 4176 1.
541 4121 649 4189 Agens,
665 4121 723 4184 -ta'o,
745 4122 922 4188 Participium
944 4122 1099 4185 Praesentis,
1120 4121 1233 4176 verbum
1253 4121 1406 4176 Ciceronia-

405 4223 479 4268 num,
492 4203 602 4270 valens,
617 4209 730 4273 potens,
745 4203 854 4272 efficax.
