3554 5156
566 834 741 892 nonnonrs
762 835 903 902 ourolu
923 835 1137 892 smmnmn
1293 815 1365 892 135

357 999 591 1087 cuiuscunque
606 1003 762 1075 advocati
784 1004 886 1075 huius
907 1003 1006 1089 regni
1026 1003 1075 1076 ita
1100 1009 1362 1088 superaverunt,

359 1108 400 1173 ut
415 1102 451 1172 hi
465 1103 606 1188 triginta
621 1103 992 1175 libellae1tantumesse
1007 1103 1216 1176 viderentur.

441 1202 578 1274 Etenim
608 1203 756 1275 Serenus
785 1204 1008 1276 Homblower
1041 1203 1362 1276 iuriumoonsultum

359 1302 564 1386 optimatum
589 1311 785 1375 nostrorum
808 1304 1021 1376 fiduciarium
1050 1305 1131 1390 egit
1164 1304 1204 1375 Id
1231 1326 1359 1376 munus

362 1403 433 1487 ipse
446 1405 572 1474 multos
587 1426 695 1476 annos
707 1405 824 1490 gessit,
838 1412 943 1489 atque
957 1406 1053 1476 fama
1066 1407 1137 1475 fert
1151 1406 1284 1476 nullum
1299 1427 1362 1476 un·

359 1523 464 1587 quam
478 1505 514 1574 in
528 1505 702 1589 publicum
716 1505 881 1589 probrum
893 1505 1079 1576 devenisse.
1110 1505 1257 1577 Clientes
1271 1527 1362 1577 sum·

358 1606 415 1674 mi
428 1607 512 1675 curt
526 1605 665 1689 selegit;
697 1606 836 1690 negotia
861 1606 1139 1678 millionariorum
1158 1605 1362 1691 Pittsburgi·

357 1725 487 1789 corum,
502 1706 639 1775 tametsi
652 1727 819 1790 perquam
832 1706 1021 1790 fructuosa,
1036 1726 1215 1790 nunquam
1227 1728 1297 1778 non
1310 1729 1361 1777 re·

357 1805 510 1888 cusavit;
524 1805 583 1876 sed
598 1827 805 1890 magnopere
820 1806 883 1877 sibi
897 1805 988 1876 cordi
1004 1827 1077 1878 esse
1092 1806 1240 1890 videtur,
1251 1827 1360 1891 eoque

357 1904 521 1988 superbit,
535 1913 577 1977 ut
591 1907 705 1990 opinio
718 1906 881 1990 famaque
897 1907 1127 1978 vetustiorum
1140 1907 1359 1991 fanriliurum,

356 2003 489 2074 etiamsi
503 2007 683 2090 progenies
697 2028 816 2076 earum
831 2006 1035 2090 quandoque
1051 2008 1086 2076 in
1101 2007 1297 2090 turpissima
1310 2007 1360 2078 in·

355 2103 499 2174 ciderint
512 2107 646 2190 probra,
661 2113 859 2178 sartatecta
880 2114 1109 2178 servarentur.
1124 2107 1235 2191 Siquis
1248 2129 1268 2177 e
1283 2129 1358 2191 pro·

356 2203 450 2288 sapie
472 2206 517 2276 sit
539 2205 762 2292 “pilgrimum
785 2216 848 2278 aut
870 2206 1100 2290 “Putroons‚”i
1122 2207 1226 2277 herus
1250 2206 1359 2279 Horu·

356 2305 483 2377 blower
503 2307 633 2378 nullam
659 2309 806 2392 amplius
827 2308 1155 2379 commendationem
1180 2307 1224 2379 ab
1245 2330 1285 2378 eo
1299 2330 1358 2378 ex·

355 2404 430 2489 igit.

439 2507 625 2579 Prudentid
640 2515 676 2579 et
689 2508 875 2593 sagacitate
889 2509 924 2578 in
937 2509 1076 2580 clientes
1090 2471 1275 2579 incredibili
1289 2508 1358 2579 clu·
1430 2509 1431 2512 ’

456 2793 481 2845 1.
497 2791 608 2845 Pbreeis
621 2789 790 2853 Americena,
802 2807 863 2859 quse
875 2790 946 2845 idem
958 2791 1017 2844 iere
1030 2791 1104 2845 valet
1122 2791 1194 2856 quod
1217 2791 1241 2846 ei
1258 2792 1355 2846 Rome·

357 2892 394 2929 no
407 2891 481 2928 more
493 2875 659 2928 diceremus:
678 2875 831 2928 Proventus
844 2875 902 2928 eius
914 2875 1039 2928 terunciu
1052 2874 1204 2929 censendus
1229 2881 1278 2938 est,
1296 2875 1356 2928 loco

356 2959 536 3014 talentorum.

456 3044 480 3095 2
493 3042 661 3096 Vocabulum
672 3043 803 3097 Latinum
816 3047 981 3109 corruptum,
993 3058 1009 3095 e
1019 3042 1172 3096 latinitate
1184 3042 1265 3096 lledii
1278 3039 1355 3106 AEvl,

357 3141 440 3193 quum
459 3125 677 3194 peregrinator,
699 3133 728 3180 et
746 3125 935 3195 peregrinus,
956 3126 1105 3180 vocabatur
1125 3127 1224 3188 vietor,
1237 3127 1284 3194 qui
1297 3126 1354 3180 relo

356 3209 498 3276 religionis
519 3211 624 3272 ductus,
637 3211 832 3278 Hierosolyma,
844 3217 892 3264 aut
905 3209 1054 3277 quemlibet
1074 3210 1165 3262 locum
1183 3210 1259 3263 ferna
1276 3209 1356 3263 mire·

357 3293 479 3346 culorum
491 3293 630 3347 cluentem
643 3294 734 3361 longis
747 3293 892 3348 itineribus
914 3293 1013 3354 visum,
1027 3299 1055 3346 et
1068 3293 1102 3346 ed
1115 3309 1192 3346 secra
1205 3293 1354 3346 exercende

356 3377 433 3429 adiit.
450 3376 513 3430 itali
537 3377 602 3430 inde
625 3377 758 3431 cuderunt
776 3375 949 3446 pellegi-inc,
977 3393 1011 3429 ex
1034 3376 1087 3430 hoc
1104 3375 1232 3430 Germani
1244 3373 1351 3442 pilam,

355 3459 495 3528 pilgrom
509 3459 643 3528 pilgrim,
660 3462 731 3514 unde
743 3460 826 3527 Angli
838 3477 917 3514 suum
939 3461 1155 3526 desumpserunt,
1167 3459 1247 3512 modo
1259 3464 1353 3516 tanen

357 3561 389 3597 eo
399 3545 532 3598 vocabulo
543 3544 648 3612 Anglos
671 3544 826 3611 designant,
850 3544 897 3611 qui
909 3543 990 3610 primi
1003 3544 1033 3596 in
1045 3559 1106 3596 eam
1130 3549 1236 3610 purtem
1254 3543 1355 3596 Civita-

356 3633 415 3682 tum
428 3626 635 3682 Frederatarum
647 3627 845 3694 demigrarunt,
859 3643 920 3695 quae
933 3627 991 3680 Neo
1004 3627 1106 3693 Anglie
1116 3626 1276 3694 appellatur.
1303 3627 1356 3680 llo

355 3727 415 3765 rum
429 3712 535 3766 soboles
556 3711 723 3779 antiquitate
745 3710 942 3778 nobilitateque
967 3710 1077 3775 generis
1098 3709 1245 3764 clareacem
1269 3710 1353 3776 vulgo

355 3796 556 3849 existimentur.

454 3881 481 3932 3.
497 3879 666 3933 Vocabulum
685 3879 815 3932 Latinum
833 3877 1142 3933 GermenoBatevorum
1158 3876 1354 3943 orthographia

356 3963 528 4030 exscriptum,
539 3978 593 4031 quo
606 3963 710 4016 domini
727 3962 938 4016 latifundiomm
951 3963 981 4015 in
994 3961 1113 4016 Ciuitate
1124 3961 1205 4014 modo
1217 3961 1274 4014 Neo
1286 3959 1354 4013 Ebo-

354 4063 462 4109 recena,
476 4047 613 4114 quondam
624 4047 682 4100 Neo
694 4046 947 4108 Amstelodamensi,
965 4046 1048 4100 certia
1059 4044 1212 4112 privilegiis
1225 4045 1351 4096 fruentes

355 4131 555 4185 indicebantur.
