3502 5158
402 897 444 969 52
667 911 877 966 nrsrnnruu
897 909 1006 964 rnen
1025 901 1143 964 poure

398 1081 479 1152 dam
492 1080 607 1164 adegit
632 1113 674 1127 -
698 1079 790 1163 quod
815 1077 953 1163 quidem
974 1077 1141 1160 optimum
1155 1096 1327 1160 quemque
1341 1094 1399 1144 no-

401 1189 513 1252 strum
526 1180 764 1252 confunderet

484 1297 632 1368 Dimidia
645 1297 713 1368 ista
725 1298 810 1367 hora
824 1303 917 1366 certe
932 1300 1008 1366 erat
1022 1293 1153 1365 acerba
1179 1291 1325 1376 Hughes
1344 1313 1401 1361 us-

403 1420 470 1482 que
484 1398 520 1468 in
533 1398 679 1482 grabato
695 1396 836 1468 sedebat
848 1396 1003 1481 graviter
1017 1395 1160 1479 spirans,
1175 1393 1282 1464 oculis
1304 1392 1340 1462 in
1351 1413 1402 1462 su

401 1499 475 1569 lum
488 1498 574 1581 fixis,
589 1499 736 1568 fortasse
750 1497 922 1581 propriam
939 1495 1107 1566 inscitiam
1120 1493 1316 1576 meditatus,
1330 1493 1401 1562 for-

403 1605 494 1668 tasse
507 1597 621 1668 dubiis
633 1604 790 1681 vexatus,
804 1603 925 1667 utrum
939 1602 1077 1665 rectene
1089 1595 1257 1664 hactenus
1270 1614 1404 1675 semper

298 1695 302 1705 “
402 1719 447 1768 an
462 1719 641 1782 perperam
655 1697 720 1767 hoc
733 1698 790 1767 vel
802 1697 885 1767 illud
900 1695 1002 1780 aegris
1015 1693 1283 1779 praemississet
1305 1692 1403 1776 Quod

403 1797 543 1882 quidem
556 1797 599 1869 ad
614 1819 669 1868 me
684 1797 819 1881 attinet,
835 1819 900 1880 ego
915 1797 958 1867 de
971 1795 1079 1866 amico
1090 1815 1166 1865 meo
1177 1801 1287 1863 morte
1295 1792 1405 1863 subla·

403 1905 440 1968 to
455 1897 654 1968 meditabar.
677 1897 841 1968 Memoria
856 1895 1015 1966 tenebam
1037 1894 1231 1978 Philippum
1245 1892 1404 1974 Vantine‚

403 2004 445 2068 ut
459 1998 540 2068 mihi
556 2019 690 2082 semper
701 1997 771 2067 tuit
785 1997 942 2080 cognitus
960 2031 995 2041 -
1006 1995 1121 2065 virum
1132 2015 1254 2077 nempe
1264 2013 1404 2075 comem,

404 2097 565 2181 lepidum,
580 2119 663 2169 vere
678 2097 920 2168 Christianum.
952 2094 1168 2179 Reputabam
1182 2115 1317 2163 mecum
1332 2112 1408 2162 sua-

405 2219 467 2268 ves
481 2197 556 2268 eius
579 2199 703 2280 oculos,
719 2204 761 2268 ut
774 2219 840 2280 me,
862 2196 966 2266 etiam
990 2195 1109 2279 paucis
1133 2193 1177 2264 ab
1201 2193 1281 2263 hinc
1305 2192 1407 2274 horis,

405 2297 513 2368 amice
538 2297 694 2368 contueri
721 2296 979 2379 consueverint;
1008 2294 1128 2365 audire
1157 2292 1241 2362 mihi
1266 2292 1408 2362 videbar

406 2420 527 2468 vocem
540 2397 624 2480 eius,
640 2397 779 2482 palpare
803 2417 927 2466 manus
952 2394 1036 2466 mihi
1062 2400 1245 2478 porrectas.
1282 2393 1332 2462 Ut
1355 2392 1410 2462 vir

406 2504 526 2568 tantus
539 2503 576 2567 et
590 2497 667 2568 talis
683 2497 775 2567 hunc
800 2496 835 2566 in
861 2496 1001 2566 modum
1026 2494 1187 2578 interimi,
1212 2492 1309 2563 feriri
1324 2513 1346 2562 a
1359 2513 1409 2562 se·

407 2603 502 2668 creto
517 2597 647 2680 sicario,
661 2603 794 2667 armato
809 2596 878 2666 telo
892 2601 1073 2666 venenato.

491 2711 632 2783 Mulier!
655 2713 753 2783 Mens
766 2734 843 2782 mea
868 2712 1029 2782 continuo
1044 2711 1088 2781 ad
1103 2710 1191 2780 hanc
1206 2731 1279 2781 rem
1296 2730 1410 2779 recur-

408 2810 463 2882 rit.
484 2811 627 2883 Mulier!
648 2813 829 2884 Venenum
845 2833 978 2894 semper
993 2811 1176 2881 mulierum
1196 2809 1267 2880 fuit
1290 2810 1409 2879 telum.

408 2911 475 2982 Sed
490 2933 650 2995 quaenam
663 2912 750 2984 illa?
775 2912 821 2982 Et
834 2913 894 2995 qui
909 2910 1043 2981 evasit?
1078 2909 1227 2980 Ubinam
1248 2907 1411 2980 delituit?

409 3010 567 3094 Quonam
581 3011 683 3082 modo
697 3011 808 3081 valuit
822 3019 894 3080 tam
908 3017 1066 3080 accurate
1081 3010 1185 3078 ferire
1199 3011 1216 3080 l
1251 3009 1301 3079 Ac
1326 3029 1412 3091 pra
1515 3009 1520 3016 '

409 3109 527 3193 primis
541 3131 726 3193 quamnam
741 3109 786 3180 ob
800 3131 873 3179 rem
887 3109 1082 3193 Philippum
1096 3109 1245 3180 Vantine
1260 3129 1332 3192 prae
1342 3129 1413 3178 om-

409 3209 511 3280 nibus
524 3231 621 3280 suam
636 3210 811 3280 victimam
837 3209 996 3292 selegerit
1019 3241 1061 3255 -
1086 3208 1281 3292 Philippum
1295 3207 1414 3278 Vanti-

409 3331 462 3391 ηε,
474 3308 533 3392 qui
548 3311 677 3379 nullam
691 3329 844 3392 unquam
855 3309 1033 3378 mulierem
1043 3307 1270 3391 vilipenderat
1285 3343 1325 3352 -
1336 3313 1414 3376 tum

410 3429 554 3492 pausam
569 3409 647 3479 feci.
669 3407 832 3491 Perspexi
846 3407 938 3477 enim
953 3429 1009 3477 me
1024 3429 1155 3489 revera,
1181 3413 1414 3492 praeterquam

411 3507 504 3592 quod
518 3507 582 3591 ipsi
595 3508 723 3592 placuit
737 3507 820 3578 mihi
835 3507 1025 3590 enuntiare,
1039 3507 1082 3577 de
1096 3507 1245 3578 Vantine
1259 3506 1343 3576 nihil
1354 3528 1415 3576 no-

410 3607 456 3677 vi.
478 3605 586 3676 Parks
600 3607 692 3677 sciet.
713 3607 805 3677 Tum
819 3607 945 3675 iterum
970 3605 1110 3689 cogitati
1126 3627 1181 3675 me
1196 3606 1327 3690 pudere
1347 3628 1414 3676 coe-

410 3705 472 3789 pit
493 3705 588 3795 Num
602 3705 685 3776 illud
700 3711 871 3775 secretum
884 3704 981 3774 nobis
996 3704 1186 3774 eruendum
1201 3703 1291 3774 erit?
1317 3705 1413 3776 Num

411 3805 467 3875 ille
481 3804 525 3875 ad
539 3804 753 3888 prodendum
766 3825 869 3874 suum
885 3803 1007 3874 herum
1023 3803 1214 3887 adigendus
1228 3803 1316 3876 en'tl

497 3936 624 4008 Vultus
637 3956 735 4008 meus
748 3935 873 4006 rubore
894 3935 1072 4019 flagrabat.
1108 3935 1213 4006 Nullo
1238 3944 1359 4020 pact0;
1380 3935 1416 4008 id

412 4058 481 4108 non
496 4035 717 4108 faciemus-
731 4035 766 4106 id
780 4034 1017 4118 turpissimum
1033 4041 1133 4106 esset.

496 4167 640 4239 Foribus
653 4166 781 4251 apertis
794 4166 946 4250 Godfrey
960 4165 1120 4238 intrabat.
1142 4167 1246 4238 Nunc
1260 4167 1330 4239 iam
1343 4189 1414 4240 non
