<?xml version="1.0" encoding="UTF-8"?>
<!DOCTYPE html PUBLIC "-//W3C//DTD XHTML 1.0 Transitional//EN"
    "http://www.w3.org/TR/xhtml1/DTD/xhtml1-transitional.dtd">
<html xmlns="http://www.w3.org/1999/xhtml" xml:lang="en" lang="en">
 <head>
  <title>
</title>
<meta http-equiv="Content-Type" content="text/html;charset=utf-8" />
  <meta name='ocr-system' content='tesseract 3.04.00' />
  <meta name='ocr-capabilities' content='ocr_page ocr_carea ocr_par ocr_line ocrx_word'/>
</head>
<body>
  <div class='ocr_page' id='page_1' title='image "./mysteriumarcbou00mogygoog/mysteriumarcbou00mogygoog_0171.png"; bbox 0 0 3536 5156; ppageno 0'>
   <div class='ocr_carea' id='block_1_1' title="bbox 453 877 1189 948">
    <p class='ocr_par' dir='ltr' id='par_1_1' title="bbox 453 877 1189 948">
     <span class='ocr_line' id='line_1_1' title="bbox 453 877 1189 948; baseline -0.004 0"><span class='ocrx_word' id='word_1_1' title='bbox 453 877 516 948; x_wconf 86' lang='grc'>156</span> <span class='ocrx_word' id='word_1_2' title='bbox 709 891 921 948; x_wconf 79' lang='lat' dir='ltr'>rnrsrmrun</span> <span class='ocrx_word' id='word_1_3' title='bbox 941 891 1051 947; x_wconf 75' lang='lat' dir='ltr'>anon</span> <span class='ocrx_word' id='word_1_4' title='bbox 1070 885 1189 948; x_wconf 82' lang='lat' dir='ltr'>noum</span> 
     </span>
    </p>
   </div>
   <div class='ocr_carea' id='block_1_2' title="bbox 396 1058 1461 3846">
    <p class='ocr_par' dir='ltr' id='par_1_2' title="bbox 448 1058 1452 1246">
     <span class='ocr_line' id='line_1_2' title="bbox 532 1058 1452 1146; baseline -0.002 -14"><span class='ocrx_word' id='word_1_5' title='bbox 532 1058 605 1132; x_wconf 86' lang='lat' dir='ltr'>“En</span> <span class='ocrx_word' id='word_1_6' title='bbox 620 1081 720 1146; x_wconf 79' lang='lat' dir='ltr'>aquo,</span> <span class='ocrx_word' id='word_1_7' title='bbox 735 1061 782 1132; x_wconf 91' lang='lat' dir='ltr'>mi</span> <span class='ocrx_word' id='word_1_8' title='bbox 804 1059 925 1143; x_wconf 89' lang='lat' dir='ltr'>Here,&#39;&#39;</span> <span class='ocrx_word' id='word_1_9' title='bbox 949 1060 1046 1131; x_wconf 78' lang='lat' dir='ltr'>tatur</span> <span class='ocrx_word' id='word_1_10' title='bbox 1072 1060 1203 1144; x_wconf 79' lang='lat' dir='ltr'>Rogers</span> <span class='ocrx_word' id='word_1_11' title='bbox 1226 1079 1330 1130; x_wconf 89' lang='lat' dir='ltr'>urceo</span> <span class='ocrx_word' id='word_1_12' title='bbox 1350 1080 1452 1144; x_wconf 80' lang='lat' dir='ltr'>aquae</span> 
     </span>
     <span class='ocr_line' id='line_1_3' title="bbox 448 1160 910 1246; baseline 0 -14"><span class='ocrx_word' id='word_1_13' title='bbox 448 1161 637 1246; x_wconf 87' lang='lat' dir='ltr'>poculoque</span> <span class='ocrx_word' id='word_1_14' title='bbox 652 1160 735 1232; x_wconf 91' lang='lat' dir='ltr'>mihi</span> <span class='ocrx_word' id='word_1_15' title='bbox 750 1160 910 1244; x_wconf 83' lang='lat' dir='ltr'>praebitis.</span> 
     </span>
    </p>

    <p class='ocr_par' dir='ltr' id='par_1_3' title="bbox 450 1259 1454 1746">
     <span class='ocr_line' id='line_1_4' title="bbox 533 1259 1453 1344; baseline -0.002 -12"><span class='ocrx_word' id='word_1_16' title='bbox 533 1261 691 1332; x_wconf 81' lang='lat' dir='ltr'>Proximo</span> <span class='ocrx_word' id='word_1_17' title='bbox 705 1269 879 1332; x_wconf 89' lang='lat' dir='ltr'>momento</span> <span class='ocrx_word' id='word_1_18' title='bbox 894 1261 982 1333; x_wconf 91' lang='lat' dir='ltr'>oculi</span> <span class='ocrx_word' id='word_1_19' title='bbox 997 1261 1071 1332; x_wconf 91' lang='lat' dir='ltr'>eius</span> <span class='ocrx_word' id='word_1_20' title='bbox 1084 1260 1119 1331; x_wconf 93' lang='lat' dir='ltr'>in</span> <span class='ocrx_word' id='word_1_21' title='bbox 1133 1259 1365 1343; x_wconf 90' lang='lat' dir='ltr'>mulierem,in</span> <span class='ocrx_word' id='word_1_22' title='bbox 1376 1281 1453 1344; x_wconf 75' lang='lat' dir='ltr'>gra·</span> 
     </span>
     <span class='ocr_line' id='line_1_5' title="bbox 450 1360 1454 1446; baseline 0 -14"><span class='ocrx_word' id='word_1_23' title='bbox 450 1360 531 1432; x_wconf 85' lang='lat' dir='ltr'>bato</span> <span class='ocrx_word' id='word_1_24' title='bbox 544 1367 750 1446; x_wconf 79' lang='lat' dir='ltr'>prostratam</span> <span class='ocrx_word' id='word_1_25' title='bbox 764 1361 966 1432; x_wconf 78' lang='lat' dir='ltr'>inciderunt.</span> <span class='ocrx_word' id='word_1_26' title='bbox 982 1360 1130 1445; x_wconf 88' lang='lat' dir='ltr'>Stupens</span> <span class='ocrx_word' id='word_1_27' title='bbox 1144 1360 1306 1443; x_wconf 88' lang='lat' dir='ltr'>haerebat,</span> <span class='ocrx_word' id='word_1_28' title='bbox 1321 1361 1454 1432; x_wconf 68' lang='lat' dir='ltr'>vultus</span> 
     </span>
     <span class='ocr_line' id='line_1_6' title="bbox 450 1460 1454 1546; baseline -0.001 -14"><span class='ocrx_word' id='word_1_29' title='bbox 450 1483 518 1546; x_wconf 86' lang='lat' dir='ltr'>que</span> <span class='ocrx_word' id='word_1_30' title='bbox 532 1482 616 1534; x_wconf 85' lang='lat' dir='ltr'>suus</span> <span class='ocrx_word' id='word_1_31' title='bbox 630 1461 755 1533; x_wconf 90' lang='lat' dir='ltr'>sensim</span> <span class='ocrx_word' id='word_1_32' title='bbox 768 1461 804 1532; x_wconf 92' lang='lat' dir='ltr'>in</span> <span class='ocrx_word' id='word_1_33' title='bbox 819 1483 1031 1546; x_wconf 88' lang='lat' dir='ltr'>purpureum</span> <span class='ocrx_word' id='word_1_34' title='bbox 1046 1461 1264 1543; x_wconf 88' lang='lat' dir='ltr'>mutabatur;</span> <span class='ocrx_word' id='word_1_35' title='bbox 1286 1460 1365 1531; x_wconf 92' lang='lat' dir='ltr'>dein</span> <span class='ocrx_word' id='word_1_36' title='bbox 1375 1466 1454 1544; x_wconf 82' lang='lat' dir='ltr'>gut-</span> 
     </span>
     <span class='ocr_line' id='line_1_7' title="bbox 450 1560 1443 1646; baseline -0.001 -14"><span class='ocrx_word' id='word_1_37' title='bbox 450 1569 528 1632; x_wconf 88' lang='lat' dir='ltr'>ture</span> <span class='ocrx_word' id='word_1_38' title='bbox 544 1562 679 1646; x_wconf 88' lang='lat' dir='ltr'>proprio</span> <span class='ocrx_word' id='word_1_39' title='bbox 694 1561 871 1646; x_wconf 87' lang='lat' dir='ltr'>prehenso.</span> <span class='ocrx_word' id='word_1_40' title='bbox 898 1560 1038 1632; x_wconf 93' lang='lat' dir='ltr'>dimidio</span> <span class='ocrx_word' id='word_1_41' title='bbox 1053 1583 1089 1630; x_wconf 88' lang='lat' dir='ltr'>se</span> <span class='ocrx_word' id='word_1_42' title='bbox 1103 1561 1279 1632; x_wconf 87' lang='lat' dir='ltr'>divertens</span> <span class='ocrx_word' id='word_1_43' title='bbox 1299 1561 1443 1631; x_wconf 87' lang='lat' dir='ltr'><strong>concidit</strong></span> 
     </span>
     <span class='ocr_line' id='line_1_8' title="bbox 451 1661 1222 1746; baseline -0.001 -14"><span class='ocrx_word' id='word_1_44' title='bbox 451 1683 591 1746; x_wconf 87' lang='lat' dir='ltr'>prorsus</span> <span class='ocrx_word' id='word_1_45' title='bbox 604 1661 654 1731; x_wconf 83' lang='lat' dir='ltr'>ita</span> <span class='ocrx_word' id='word_1_46' title='bbox 667 1668 708 1732; x_wconf 93' lang='lat' dir='ltr'>ut</span> <span class='ocrx_word' id='word_1_47' title='bbox 723 1682 804 1731; x_wconf 89' lang='lat' dir='ltr'>eum</span> <span class='ocrx_word' id='word_1_48' title='bbox 818 1669 921 1732; x_wconf 83' lang='lat' dir='ltr'>anteo</span> <span class='ocrx_word' id='word_1_49' title='bbox 935 1661 1045 1745; x_wconf 81' lang='lat' dir='ltr'>egisse</span> <span class='ocrx_word' id='word_1_50' title='bbox 1060 1661 1222 1732; x_wconf 87' lang='lat' dir='ltr'>videram.</span> 
     </span>
    </p>

    <p class='ocr_par' dir='ltr' id='par_1_4' title="bbox 452 1759 1455 2045">
     <span class='ocr_line' id='line_1_9' title="bbox 536 1759 1454 1846; baseline 0 -16"><span class='ocrx_word' id='word_1_51' title='bbox 536 1759 768 1844; x_wconf 84' lang='lat' dir='ltr'>Hornblower,</span> <span class='ocrx_word' id='word_1_52' title='bbox 784 1762 844 1846; x_wconf 88' lang='lat' dir='ltr'>qui</span> <span class='ocrx_word' id='word_1_53' title='bbox 859 1761 1036 1831; x_wconf 89' lang='lat' dir='ltr'>mulierem</span> <span class='ocrx_word' id='word_1_54' title='bbox 1052 1761 1227 1845; x_wconf 81' lang='lat' dir='ltr'>spectabat</span> <span class='ocrx_word' id='word_1_55' title='bbox 1238 1767 1454 1844; x_wconf 79' lang='lat' dir='ltr'>prostratam,</span> 
     </span>
     <span class='ocr_line' id='line_1_10' title="bbox 452 1861 1455 1945; baseline 0 -13"><span class='ocrx_word' id='word_1_56' title='bbox 452 1863 671 1945; x_wconf 81' lang='lat' dir='ltr'>frontemque</span> <span class='ocrx_word' id='word_1_57' title='bbox 686 1883 830 1932; x_wconf 87' lang='lat' dir='ltr'>nervose</span> <span class='ocrx_word' id='word_1_58' title='bbox 846 1861 1035 1944; x_wconf 86' lang='lat' dir='ltr'>tersitabat,</span> <span class='ocrx_word' id='word_1_59' title='bbox 1050 1861 1168 1931; x_wconf 90' lang='lat' dir='ltr'>audito</span> <span class='ocrx_word' id='word_1_60' title='bbox 1193 1861 1345 1932; x_wconf 89' lang='lat' dir='ltr'>cadentis</span> <span class='ocrx_word' id='word_1_61' title='bbox 1370 1867 1455 1932; x_wconf 85' lang='lat' dir='ltr'>stre·</span> 
     </span>
     <span class='ocr_line' id='line_1_11' title="bbox 453 1961 847 2045; baseline 0.003 -14"><span class='ocrx_word' id='word_1_62' title='bbox 453 1962 530 2045; x_wconf 87' lang='lat' dir='ltr'>pitu</span> <span class='ocrx_word' id='word_1_63' title='bbox 545 1983 581 2032; x_wconf 86' lang='lat' dir='ltr'>se</span> <span class='ocrx_word' id='word_1_64' title='bbox 595 1961 847 2032; x_wconf 84' lang='lat' dir='ltr'>circumvertit:</span> 
     </span>
    </p>

    <p class='ocr_par' dir='ltr' id='par_1_5' title="bbox 455 2060 1455 2346">
     <span class='ocr_line' id='line_1_12' title="bbox 537 2060 1455 2146; baseline 0.002 -16"><span class='ocrx_word' id='word_1_65' title='bbox 537 2060 658 2146; x_wconf 90' lang='lat' dir='ltr'>“Quid‚</span> <span class='ocrx_word' id='word_1_66' title='bbox 673 2063 801 2132; x_wconf 85' lang='lat' dir='ltr'>malum</span> <span class='ocrx_word' id='word_1_67' title='bbox 813 2061 842 2130; x_wconf 87' lang='lat'>!”</span> <span class='ocrx_word' id='word_1_68' title='bbox 856 2083 961 2132; x_wconf 83' lang='lat' dir='ltr'>rauca</span> <span class='ocrx_word' id='word_1_69' title='bbox 975 2063 1141 2132; x_wconf 80' lang='lat' dir='ltr'>exclanaat</span> <span class='ocrx_word' id='word_1_70' title='bbox 1164 2083 1258 2145; x_wconf 80' lang='lat' dir='ltr'>voce,</span> <span class='ocrx_word' id='word_1_71' title='bbox 1282 2060 1342 2132; x_wconf 91' lang='lat' dir='ltr'>ubi</span> <span class='ocrx_word' id='word_1_72' title='bbox 1364 2061 1455 2132; x_wconf 87' lang='lat' dir='ltr'>vide·</span> 
     </span>
     <span class='ocr_line' id='line_1_13' title="bbox 455 2160 1454 2246; baseline -0.002 -13"><span class='ocrx_word' id='word_1_73' title='bbox 455 2162 516 2233; x_wconf 90' lang='lat' dir='ltr'>bat</span> <span class='ocrx_word' id='word_1_74' title='bbox 531 2160 660 2245; x_wconf 82' lang='lat' dir='ltr'>Rogers</span> <span class='ocrx_word' id='word_1_75' title='bbox 675 2168 755 2232; x_wconf 89' lang='lat' dir='ltr'>ante</span> <span class='ocrx_word' id='word_1_76' title='bbox 769 2183 849 2232; x_wconf 92' lang='lat' dir='ltr'>suos</span> <span class='ocrx_word' id='word_1_77' title='bbox 863 2162 965 2246; x_wconf 91' lang='lat' dir='ltr'>pedes</span> <span class='ocrx_word' id='word_1_78' title='bbox 980 2161 1015 2231; x_wconf 92' lang='lat' dir='ltr'>in</span> <span class='ocrx_word' id='word_1_79' title='bbox 1029 2163 1099 2232; x_wconf 85' lang='lat' dir='ltr'>solo</span> <span class='ocrx_word' id='word_1_80' title='bbox 1113 2169 1332 2246; x_wconf 84' lang='lat' dir='ltr'>prostratum,</span> <span class='ocrx_word' id='word_1_81' title='bbox 1344 2160 1454 2246; x_wconf 88' lang='lat' dir='ltr'>“Quid</span> 
     </span>
     <span class='ocr_line' id='line_1_14' title="bbox 457 2261 1164 2346; baseline 0.001 -13"><span class='ocrx_word' id='word_1_82' title='bbox 457 2262 548 2346; x_wconf 90' lang='lat' dir='ltr'>mali,</span> <span class='ocrx_word' id='word_1_83' title='bbox 564 2261 720 2346; x_wconf 88' lang='lat' dir='ltr'>denique,</span> <span class='ocrx_word' id='word_1_84' title='bbox 738 2261 838 2333; x_wconf 88' lang='lat' dir='ltr'>istam</span> <span class='ocrx_word' id='word_1_85' title='bbox 853 2262 992 2332; x_wconf 93' lang='lat' dir='ltr'>domurn</span> <span class='ocrx_word' id='word_1_86' title='bbox 1006 2263 1115 2346; x_wconf 77' lang='lat' dir='ltr'>agitat</span> <span class='ocrx_word' id='word_1_87' title='bbox 1128 2263 1164 2334; x_wconf 62' lang='grc' dir='ltr'>Υ·</span> 
     </span>
    </p>

    <p class='ocr_par' dir='ltr' id='par_1_6' title="bbox 450 2361 1456 2846">
     <span class='ocr_line' id='line_1_15' title="bbox 539 2361 1454 2436; baseline 0 -4"><span class='ocrx_word' id='word_1_88' title='bbox 539 2361 733 2432; x_wconf 88' lang='lat' dir='ltr'>Nervorum</span> <span class='ocrx_word' id='word_1_89' title='bbox 746 2361 883 2432; x_wconf 85' lang='lat' dir='ltr'>interim</span> <span class='ocrx_word' id='word_1_90' title='bbox 898 2383 1053 2432; x_wconf 89' lang='lat' dir='ltr'>meorum</span> <span class='ocrx_word' id='word_1_91' title='bbox 1066 2363 1134 2436; x_wconf 84' lang='lat' dir='ltr'>iarn</span> <span class='ocrx_word' id='word_1_92' title='bbox 1149 2369 1247 2433; x_wconf 83' lang='lat' dir='ltr'>tanta</span> <span class='ocrx_word' id='word_1_93' title='bbox 1261 2369 1335 2432; x_wconf 86' lang='lat' dir='ltr'>erat</span> <span class='ocrx_word' id='word_1_94' title='bbox 1345 2362 1454 2432; x_wconf 82' lang='lat' dir='ltr'>tensio</span> 
     </span>
     <span class='ocr_line' id='line_1_16' title="bbox 450 2460 1449 2546; baseline 0.001 -15"><span class='ocrx_word' id='word_1_95' title='bbox 450 2467 491 2532; x_wconf 90' lang='lat' dir='ltr'>ut</span> <span class='ocrx_word' id='word_1_96' title='bbox 519 2460 682 2532; x_wconf 80' lang='lat' dir='ltr'>cachinno</span> <span class='ocrx_word' id='word_1_97' title='bbox 709 2461 793 2532; x_wconf 88' lang='lat' dir='ltr'>mibi</span> <span class='ocrx_word' id='word_1_98' title='bbox 817 2461 911 2532; x_wconf 86' lang='lat' dir='ltr'>haud</span> <span class='ocrx_word' id='word_1_99' title='bbox 936 2469 1125 2546; x_wconf 84' lang='lat' dir='ltr'>temperare</span> <span class='ocrx_word' id='word_1_100' title='bbox 1148 2483 1289 2546; x_wconf 80' lang='lat' dir='ltr'>possem.</span> <span class='ocrx_word' id='word_1_101' title='bbox 1327 2461 1449 2532; x_wconf 87' lang='lat' dir='ltr'>Nisum</span> 
     </span>
     <span class='ocr_line' id='line_1_17' title="bbox 453 2561 1456 2644; baseline -0.001 -13"><span class='ocrx_word' id='word_1_102' title='bbox 453 2561 545 2632; x_wconf 90' lang='lat' dir='ltr'>bunc</span> <span class='ocrx_word' id='word_1_103' title='bbox 559 2562 595 2632; x_wconf 91' lang='lat' dir='ltr'>in</span> <span class='ocrx_word' id='word_1_104' title='bbox 610 2563 790 2632; x_wconf 87' lang='lat' dir='ltr'>clamorem</span> <span class='ocrx_word' id='word_1_105' title='bbox 803 2561 847 2631; x_wconf 89' lang='lat' dir='ltr'>ad</span> <span class='ocrx_word' id='word_1_106' title='bbox 862 2562 1102 2634; x_wconf 85' lang='lat' dir='ltr'>accersendum</span> <span class='ocrx_word' id='word_1_107' title='bbox 1115 2563 1222 2633; x_wconf 87' lang='lat' dir='ltr'>Parks</span> <span class='ocrx_word' id='word_1_108' title='bbox 1233 2562 1395 2644; x_wconf 69' lang='lat' dir='ltr'>converti</span> <span class='ocrx_word' id='word_1_109' title='bbox 1418 2570 1456 2631; x_wconf 88' lang='lat' dir='ltr'>at</span> 
     </span>
     <span class='ocr_line' id='line_1_18' title="bbox 455 2661 1454 2747; baseline 0 -15"><span class='ocrx_word' id='word_1_110' title='bbox 455 2662 575 2732; x_wconf 87' lang='lat' dir='ltr'>vultus</span> <span class='ocrx_word' id='word_1_111' title='bbox 587 2661 695 2744; x_wconf 84' lang='lat' dir='ltr'>istius,</span> <span class='ocrx_word' id='word_1_112' title='bbox 706 2683 814 2746; x_wconf 91' lang='lat' dir='ltr'>quum</span> <span class='ocrx_word' id='word_1_113' title='bbox 829 2661 864 2731; x_wconf 93' lang='lat' dir='ltr'>in</span> <span class='ocrx_word' id='word_1_114' title='bbox 879 2661 994 2732; x_wconf 91' lang='lat' dir='ltr'>limine</span> <span class='ocrx_word' id='word_1_115' title='bbox 1008 2662 1198 2747; x_wconf 89' lang='lat' dir='ltr'>comparuit</span> <span class='ocrx_word' id='word_1_116' title='bbox 1222 2662 1299 2732; x_wconf 85' lang='lat' dir='ltr'>talis</span> <span class='ocrx_word' id='word_1_117' title='bbox 1313 2669 1397 2746; x_wconf 83' lang='lat' dir='ltr'>erat,</span> <span class='ocrx_word' id='word_1_118' title='bbox 1412 2669 1454 2732; x_wconf 90' lang='lat' dir='ltr'>ut</span> 
     </span>
     <span class='ocr_line' id='line_1_19' title="bbox 454 2761 1452 2846; baseline 0 -14"><span class='ocrx_word' id='word_1_119' title='bbox 454 2761 489 2832; x_wconf 91' lang='lat' dir='ltr'>in</span> <span class='ocrx_word' id='word_1_120' title='bbox 502 2761 618 2832; x_wconf 87' lang='lat' dir='ltr'>sellam</span> <span class='ocrx_word' id='word_1_121' title='bbox 632 2762 789 2846; x_wconf 76' lang='lat' dir='ltr'>delapsus</span> <span class='ocrx_word' id='word_1_122' title='bbox 803 2761 838 2831; x_wconf 92' lang='lat' dir='ltr'>in</span> <span class='ocrx_word' id='word_1_123' title='bbox 853 2762 1057 2833; x_wconf 80' lang='lat' dir='ltr'>cachinnum</span> <span class='ocrx_word' id='word_1_124' title='bbox 1079 2764 1272 2834; x_wconf 90' lang='lat' dir='ltr'>morbidum</span> <span class='ocrx_word' id='word_1_125' title='bbox 1294 2763 1452 2834; x_wconf 88' lang='lat' dir='ltr'>solverer.</span> 
     </span>
    </p>

    <p class='ocr_par' dir='ltr' id='par_1_7' title="bbox 541 2859 1254 2934">
     <span class='ocr_line' id='line_1_20' title="bbox 541 2859 1254 2934; baseline 0.003 -2"><span class='ocrx_word' id='word_1_126' title='bbox 541 2859 616 2932; x_wconf 87' lang='lat' dir='ltr'>“Dii</span> <span class='ocrx_word' id='word_1_127' title='bbox 630 2869 780 2932; x_wconf 84' lang='lat' dir='ltr'>vestram</span> <span class='ocrx_word' id='word_1_128' title='bbox 795 2861 897 2932; x_wconf 88' lang='lat' dir='ltr'>fidem</span> <span class='ocrx_word' id='word_1_129' title='bbox 910 2862 941 2933; x_wconf 86' lang='lat'>!”</span> <span class='ocrx_word' id='word_1_130' title='bbox 958 2862 1065 2933; x_wconf 87' lang='lat' dir='ltr'>Parks</span> <span class='ocrx_word' id='word_1_131' title='bbox 1079 2865 1254 2934; x_wconf 85' lang='lat' dir='ltr'>exclamat</span> 
     </span>
    </p>

    <p class='ocr_par' dir='ltr' id='par_1_8' title="bbox 456 2959 1459 3146">
     <span class='ocr_line' id='line_1_21' title="bbox 539 2959 1459 3048; baseline 0.002 -16"><span class='ocrx_word' id='word_1_132' title='bbox 539 2959 653 3032; x_wconf 86' lang='lat' dir='ltr'>“Nihil</span> <span class='ocrx_word' id='word_1_133' title='bbox 667 2961 778 3045; x_wconf 80' lang='lat' dir='ltr'>mali,”</span> <span class='ocrx_word' id='word_1_134' title='bbox 793 2962 916 3032; x_wconf 86' lang='lat' dir='ltr'>acriter</span> <span class='ocrx_word' id='word_1_135' title='bbox 929 2963 1036 3032; x_wconf 84' lang='lat' dir='ltr'>refert</span> <span class='ocrx_word' id='word_1_136' title='bbox 1051 2961 1213 3047; x_wconf 83' lang='lat' dir='ltr'>Godfrey,</span> <span class='ocrx_word' id='word_1_137' title='bbox 1235 2962 1386 3048; x_wconf 79' lang='lat' dir='ltr'>“Rogers</span> <span class='ocrx_word' id='word_1_138' title='bbox 1399 2985 1459 3034; x_wconf 93' lang='lat' dir='ltr'>no·</span> 
     </span>
     <span class='ocr_line' id='line_1_22' title="bbox 456 3061 1365 3146; baseline 0.002 -14"><span class='ocrx_word' id='word_1_139' title='bbox 456 3067 567 3132; x_wconf 90' lang='lat' dir='ltr'>strum</span> <span class='ocrx_word' id='word_1_140' title='bbox 580 3061 663 3132; x_wconf 86' lang='lat' dir='ltr'>alios</span> <span class='ocrx_word' id='word_1_141' title='bbox 675 3061 779 3133; x_wconf 84' lang='lat' dir='ltr'>habet</span> <span class='ocrx_word' id='word_1_142' title='bbox 793 3063 950 3146; x_wconf 84' lang='lat' dir='ltr'>impetus</span> <span class='ocrx_word' id='word_1_143' title='bbox 971 3063 1105 3134; x_wconf 81' lang='lat' dir='ltr'>Afferto</span> <span class='ocrx_word' id='word_1_144' title='bbox 1119 3065 1324 3136; x_wconf 80' lang='lat' dir='ltr'>ammoniam</span> <span class='ocrx_word' id='word_1_145' title='bbox 1336 3064 1365 3134; x_wconf 88' lang='lat'>!&#39;’</span> 
     </span>
    </p>

    <p class='ocr_par' dir='ltr' id='par_1_9' title="bbox 541 3161 1461 3246">
     <span class='ocr_line' id='line_1_23' title="bbox 541 3161 1461 3246; baseline 0.004 -14"><span class='ocrx_word' id='word_1_146' title='bbox 541 3161 649 3232; x_wconf 87' lang='lat' dir='ltr'>Parks</span> <span class='ocrx_word' id='word_1_147' title='bbox 663 3161 817 3233; x_wconf 79' lang='lat' dir='ltr'>titubans</span> <span class='ocrx_word' id='word_1_148' title='bbox 831 3163 953 3246; x_wconf 87' lang='lat' dir='ltr'>prodit,</span> <span class='ocrx_word' id='word_1_149' title='bbox 970 3163 1192 3235; x_wconf 83' lang='lat' dir='ltr'>Homblower</span> <span class='ocrx_word' id='word_1_150' title='bbox 1214 3172 1331 3235; x_wconf 89' lang='lat' dir='ltr'>autem</span> <span class='ocrx_word' id='word_1_151' title='bbox 1355 3163 1461 3235; x_wconf 90' lang='lat' dir='ltr'>omni·</span> 
     </span>
    </p>

    <p class='ocr_par' dir='ltr' id='par_1_10' title="bbox 396 3263 1459 3547">
     <span class='ocr_line' id='line_1_24' title="bbox 457 3263 874 3345; baseline 0.002 -14"><span class='ocrx_word' id='word_1_152' title='bbox 457 3283 518 3331; x_wconf 93' lang='lat' dir='ltr'>um</span> <span class='ocrx_word' id='word_1_153' title='bbox 533 3269 700 3345; x_wconf 62' lang='lat' dir='ltr'>pettam</span> <span class='ocrx_word' id='word_1_154' title='bbox 713 3263 874 3334; x_wconf 86' lang='lat' dir='ltr'>consedit</span> 
     </span>
     <span class='ocr_line' id='line_1_25' title="bbox 396 3359 1459 3449; baseline 0.005 -18"><span class='ocrx_word' id='word_1_155' title='bbox 396 3359 401 3372; x_wconf 83' lang='grc'>’</span> <span class='ocrx_word' id='word_1_156' title='bbox 541 3359 646 3432; x_wconf 82' lang='lat' dir='ltr'>“Mihi</span> <span class='ocrx_word' id='word_1_157' title='bbox 660 3361 819 3446; x_wconf 88' lang='lat' dir='ltr'>equidem</span> <span class='ocrx_word' id='word_1_158' title='bbox 833 3363 928 3434; x_wconf 87' lang='lat' dir='ltr'>iocus</span> <span class='ocrx_word' id='word_1_159' title='bbox 940 3364 1079 3434; x_wconf 89' lang='lat' dir='ltr'>minime</span> <span class='ocrx_word' id='word_1_160' title='bbox 1093 3363 1230 3449; x_wconf 87' lang='lat' dir='ltr'>liquet,”</span> <span class='ocrx_word' id='word_1_161' title='bbox 1256 3365 1326 3436; x_wconf 85' lang='lat' dir='ltr'>acn&#39;</span> <span class='ocrx_word' id='word_1_162' title='bbox 1340 3365 1375 3435; x_wconf 92' lang='lat' dir='ltr'>in</span> <span class='ocrx_word' id='word_1_163' title='bbox 1404 3387 1459 3436; x_wconf 89' lang='lat' dir='ltr'>me</span> 
     </span>
     <span class='ocr_line' id='line_1_26' title="bbox 458 3460 1277 3547; baseline 0.004 -15"><span class='ocrx_word' id='word_1_164' title='bbox 458 3460 583 3532; x_wconf 90' lang='lat' dir='ltr'>obtutu</span> <span class='ocrx_word' id='word_1_165' title='bbox 597 3461 680 3532; x_wconf 89' lang='lat' dir='ltr'>mihi</span> <span class='ocrx_word' id='word_1_166' title='bbox 694 3461 868 3547; x_wconf 77' lang='lat' dir='ltr'>obgannit,</span> <span class='ocrx_word' id='word_1_167' title='bbox 882 3464 984 3534; x_wconf 89' lang='lat' dir='ltr'>vultu</span> <span class='ocrx_word' id='word_1_168' title='bbox 1000 3465 1123 3535; x_wconf 88' lang='lat' dir='ltr'>rubore</span> <span class='ocrx_word' id='word_1_169' title='bbox 1135 3465 1277 3536; x_wconf 84' lang='lat' dir='ltr'>suffuso.</span> 
     </span>
    </p>

    <p class='ocr_par' dir='ltr' id='par_1_11' title="bbox 457 3560 1461 3846">
     <span class='ocr_line' id='line_1_27' title="bbox 542 3560 1461 3647; baseline 0.008 -16"><span class='ocrx_word' id='word_1_170' title='bbox 542 3560 689 3646; x_wconf 77' lang='lat' dir='ltr'>“Collige</span> <span class='ocrx_word' id='word_1_171' title='bbox 712 3569 757 3644; x_wconf 86' lang='lat' dir='ltr'>te,</span> <span class='ocrx_word' id='word_1_172' title='bbox 788 3561 938 3647; x_wconf 84' lang='lat' dir='ltr'>Lcster,”</span> <span class='ocrx_word' id='word_1_173' title='bbox 966 3584 1021 3634; x_wconf 92' lang='lat' dir='ltr'>me</span> <span class='ocrx_word' id='word_1_174' title='bbox 1047 3564 1206 3636; x_wconf 86' lang='lat' dir='ltr'>inclamat</span> <span class='ocrx_word' id='word_1_175' title='bbox 1230 3587 1314 3636; x_wconf 84' lang='lat' dir='ltr'>voce</span> <span class='ocrx_word' id='word_1_176' title='bbox 1339 3567 1461 3638; x_wconf 86' lang='lat' dir='ltr'>acerba</span> 
     </span>
     <span class='ocr_line' id='line_1_28' title="bbox 457 3660 1460 3750; baseline 0.003 -16"><span class='ocrx_word' id='word_1_177' title='bbox 457 3660 618 3745; x_wconf 84' lang='lat' dir='ltr'>Godfrey,</span> <span class='ocrx_word' id='word_1_178' title='bbox 633 3661 770 3732; x_wconf 83' lang='lat' dir='ltr'>interim</span> <span class='ocrx_word' id='word_1_179' title='bbox 784 3684 926 3734; x_wconf 88' lang='lat' dir='ltr'>urceum</span> <span class='ocrx_word' id='word_1_180' title='bbox 941 3664 1023 3734; x_wconf 87' lang='lat' dir='ltr'>mibi</span> <span class='ocrx_word' id='word_1_181' title='bbox 1037 3664 1192 3748; x_wconf 89' lang='lat' dir='ltr'>eripiens,</span> <span class='ocrx_word' id='word_1_182' title='bbox 1208 3687 1317 3750; x_wconf 89' lang='lat' dir='ltr'>eoque</span> <span class='ocrx_word' id='word_1_183' title='bbox 1331 3667 1375 3736; x_wconf 84' lang='lat' dir='ltr'>ad</span> <span class='ocrx_word' id='word_1_184' title='bbox 1390 3688 1460 3736; x_wconf 84' lang='lat' dir='ltr'>ma·</span> 
     </span>
     <span class='ocr_line' id='line_1_29' title="bbox 458 3768 801 3846; baseline -0.003 -13"><span class='ocrx_word' id='word_1_185' title='bbox 458 3768 592 3833; x_wconf 81' lang='lat' dir='ltr'>tronum</span> <span class='ocrx_word' id='word_1_186' title='bbox 607 3783 801 3846; x_wconf 81' lang='lat' dir='ltr'>properans.</span> 
     </span>
    </p>
   </div>
   <div class='ocr_carea' id='block_1_3' title="bbox 457 3861 1464 4234">
    <p class='ocr_par' dir='ltr' id='par_1_12' title="bbox 457 3861 1464 4234">
     <span class='ocr_line' id='line_1_30' title="bbox 539 3861 1460 3951; baseline 0.008 -20"><span class='ocrx_word' id='word_1_187' title='bbox 539 3861 613 3946; x_wconf 69' lang='lat' dir='ltr'>ago</span> <span class='ocrx_word' id='word_1_188' title='bbox 626 3862 756 3933; x_wconf 89' lang='lat' dir='ltr'>interea</span> <span class='ocrx_word' id='word_1_189' title='bbox 769 3884 824 3933; x_wconf 89' lang='lat' dir='ltr'>me</span> <span class='ocrx_word' id='word_1_190' title='bbox 839 3863 921 3934; x_wconf 85' lang='lat' dir='ltr'>satis</span> <span class='ocrx_word' id='word_1_191' title='bbox 935 3865 1055 3949; x_wconf 88' lang='lat' dir='ltr'>recepi,</span> <span class='ocrx_word' id='word_1_192' title='bbox 1069 3872 1105 3936; x_wconf 86' lang='lat' dir='ltr'>et</span> <span class='ocrx_word' id='word_1_193' title='bbox 1118 3887 1227 3950; x_wconf 91' lang='lat' dir='ltr'>quum</span> <span class='ocrx_word' id='word_1_194' title='bbox 1243 3867 1350 3937; x_wconf 87' lang='lat' dir='ltr'>Parks</span> <span class='ocrx_word' id='word_1_195' title='bbox 1364 3869 1460 3951; x_wconf 85' lang='lat' dir='ltr'>paul·</span> 
     </span>
     <span class='ocr_line' id='line_1_31' title="bbox 458 3961 1463 4050; baseline 0.006 -18"><span class='ocrx_word' id='word_1_196' title='bbox 458 3961 490 4032; x_wconf 95' lang='lat' dir='ltr'>lo</span> <span class='ocrx_word' id='word_1_197' title='bbox 503 3970 580 4045; x_wconf 87' lang='lat' dir='ltr'>post</span> <span class='ocrx_word' id='word_1_198' title='bbox 599 3962 805 4032; x_wconf 90' lang='lat' dir='ltr'>ammoniam</span> <span class='ocrx_word' id='word_1_199' title='bbox 826 3963 974 4034; x_wconf 82' lang='lat' dir='ltr'>afferens</span> <span class='ocrx_word' id='word_1_200' title='bbox 994 3965 1128 4050; x_wconf 85' lang='lat' dir='ltr'>redivit,</span> <span class='ocrx_word' id='word_1_201' title='bbox 1149 3967 1194 4036; x_wconf 89' lang='lat' dir='ltr'>ad</span> <span class='ocrx_word' id='word_1_202' title='bbox 1214 3965 1463 4038; x_wconf 86' lang='lat' dir='ltr'>sublevandum</span> 
     </span>
     <span class='ocr_line' id='line_1_32' title="bbox 457 4062 1464 4234; baseline 0.007 -103"><span class='ocrx_word' id='word_1_203' title='bbox 457 4062 781 4234; x_wconf 40' lang='lat' dir='ltr'>&amp;bgffibbrbabffi</span> <span class='ocrx_word' id='word_1_204' title='bbox 795 4085 900 4147; x_wconf 86' lang='lat' dir='ltr'>eram,</span> <span class='ocrx_word' id='word_1_205' title='bbox 914 4063 998 4134; x_wconf 91' lang='lat' dir='ltr'>dum</span> <span class='ocrx_word' id='word_1_206' title='bbox 1020 4065 1129 4136; x_wconf 86' lang='lat' dir='ltr'>Parks</span> <span class='ocrx_word' id='word_1_207' title='bbox 1151 4066 1298 4150; x_wconf 84' lang='lat' dir='ltr'>phialam</span> <span class='ocrx_word' id='word_1_208' title='bbox 1323 4067 1464 4138; x_wconf 87' lang='lat' dir='ltr'>naribus</span> 
     </span>
    </p>
   </div>
   <div class='ocr_carea' id='block_1_4' title="bbox 0 0 1794 5156">
    <p class='ocr_par' dir='ltr' id='par_1_13' title="bbox 0 0 1794 5156">
     <span class='ocr_line' id='line_1_33' title="bbox 0 0 1794 5156; baseline 0 0"><span class='ocrx_word' id='word_1_209' title='bbox 0 0 1794 5156; x_wconf 95' lang='lat' dir='ltr'> </span> 
     </span>
    </p>
   </div>
  </div>
 </body>
</html>
