3554 5156
652 853 940 912 mmommoms
1251 841 1294 912 93

300 1041 386 1104 rum,
401 1022 547 1092 hominis
560 1022 751 1106 indolentis,
777 1023 837 1106 qui
851 1024 886 1093 in
900 1025 995 1095 nulla
1019 1045 1089 1095 non
1114 1022 1297 1107 turpitudi-

299 1121 350 1190 nis
364 1121 564 1206 fraudisque
579 1122 648 1192 ima
662 1121 866 1195 descendere
876 1131 1016 1206 paratus
1027 1146 1099 1195 esse
1111 1124 1295 1194 videretur.

299 1220 371 1304 Ego
387 1224 508 1292 saltem
523 1222 570 1292 sic
584 1222 786 1294 existimavi.

381 1336 436 1409 “ls
461 1339 543 1410 mihi
568 1347 661 1411 certe
687 1339 765 1411 imae
790 1341 891 1412 sortis
916 1341 1017 1412 homo
1038 1364 1111 1412 esse
1126 1341 1294 1424 videtur,'’

297 1459 351 1508 me
367 1439 551 1510 observans
566 1441 614 1510 ait
629 1440 789 1525 Godfrey.
826 1440 979 1525 “Aliquis
1004 1442 1231 1525 parasitorum
1254 1443 1296 1511 si-

297 1561 340 1608 ne
355 1539 469 1610 labore
485 1546 521 1610 et
536 1548 682 1625 quaestu,
698 1542 756 1625 qui
772 1542 908 1612 Parisiis
923 1543 1015 1613 haud
1031 1543 1099 1612 rari
1114 1549 1205 1612 sunt.
1231 1544 1296 1612 Ta·

296 1639 463 1710 bemariae
476 1648 512 1711 et
527 1641 657 1712 ancillae
671 1643 836 1725 proclives
851 1643 885 1712 in
900 1664 959 1712 eos
973 1645 1087 1713 sunt.”

380 1756 505 1828 “Recte
521 1765 556 1829 te
581 1760 750 1830 aestimare
775 1761 927 1844 censeo,’'
953 1759 1086 1830 affirmo
1111 1783 1194 1843 ego:
1217 1759 1295 1830 “ve-

297 1865 499 1941 rumtamen,
516 1860 543 1929 si
560 1859 633 1930 eius
648 1861 718 1930 luit
740 1862 850 1944 sortis,
874 1861 1063 1944 perspicere
1088 1861 1181 1930 haud
1206 1883 1294 1944 queo

296 1958 377 2041 quid
392 1961 521 2042 negotii
534 1961 566 2030 ei
580 1983 661 2032 cum
677 1961 831 2046 Philippo
845 1961 994 2033 Vantine
1017 1984 1090 2032 esse
1113 1961 1293 2044 potuerit.'’

378 2076 472 2148 “Nec
498 2100 580 2161 ego;
613 2100 736 2150 verum
761 2088 797 2150 et
821 2080 896 2150 aliae
925 2102 979 2150 res
1003 2082 1194 2164 complures
1209 2087 1292 2149 sunt

296 2199 380 2260 quas
394 2177 486 2248 haud
502 2179 579 2262 plus
593 2180 698 2262 capio.
715 2181 841 2250 Omnes
855 2203 917 2250 nos
931 2180 1143 2263 coecutimus,
1155 2180 1201 2250 mi
1213 2180 1293 2250 Les·

297 2285 368 2360 ter;
389 2278 463 2350 haec
479 2280 712 2364 reputastine'i
733 2281 877 2351 Prorsus
891 2282 1124 2353 coecutimus.”

376 2393 553 2480 “Cogitavi
568 2396 611 2467 de
626 2419 667 2467 ea
681 2399 749 2481 re,”
764 2397 921 2482 respondi
937 2397 1083 2468 tractim.

377 2511 482 2597 “Quis
497 2513 552 2584 ille
566 2515 736 2585 homullus
750 2515 867 2598 fuerit,
882 2515 955 2585 sine
980 2515 1093 2598 dubio,
1120 2539 1182 2586 suo
1208 2523 1294 2586 tem·

294 2634 374 2695 pore
389 2613 635 2684 declarabimus
650 2650 691 2660 -
706 2616 853 2686 fortasse
867 2617 968 2686 citius
993 2637 1096 2698 quam
1122 2623 1294 2699 exspecta·

293 2736 379 2796 mus,
394 2722 519 2784 cuncta
532 2715 623 2785 enim
638 2716 761 2786 diurna
781 2717 953 2786 matutina
978 2715 1124 2799 effigiem
1150 2717 1224 2787 eius
1244 2717 1294 2786 di-

293 2814 496 2898 vulgabunt,
511 2822 616 2898 atque
639 2817 668 2886 si
688 2817 753 2898 hic,
778 2817 853 2886 Neo
879 2815 1031 2899 Eboraci,
1057 2824 1160 2886 notus
1185 2817 1293 2888 fuerit

293 2915 347 2983 vel
361 2916 518 2998 maxime,
533 2915 654 2998 aliquis
669 2938 749 2987 eum
764 2922 934 3002 agnoscet.
966 2917 1080 3001 Quum
1098 2920 1294 2990 noverimus

293 3017 368 3099 quis
382 3016 499 3098 fuerit,
515 3017 706 3087 verosimile
721 3016 786 3086 erit
796 3024 832 3087 et
842 3017 1020 3100 negotium
1030 3017 1104 3088 eius
1114 3040 1193 3089 cum
1204 3019 1293 3089 Van·

292 3118 362 3187 line
376 3139 439 3188 nos
453 3117 606 3188 divinare
621 3139 728 3201 posse.
744 3117 889 3188 Perinde
904 3117 1111 3202 reperiemus
1126 3141 1205 3202 quae
1220 3141 1293 3188 mu-

292 3217 352 3288 lier
366 3217 423 3287 illa
437 3219 480 3288 sit
496 3239 574 3301 quae
588 3217 651 3288 hac
667 3239 809 3302 vespera
823 3217 972 3289 Vantine
996 3218 1116 3290 viserit
1138 3253 1180 3265 —
1201 3220 1292 3302 quod

291 3317 373 3387 nihil
389 3324 442 3388 est
456 3316 520 3387 nisi
534 3317 678 3401 amplior
693 3317 823 3400 Rogers
838 3318 974 3390 vexatio
1000 3319 1106 3390 donec
1128 3320 1292 3400 fateatur,

292 3439 399 3500 quum
413 3418 506 3487 haud
520 3418 586 3488 erit
600 3417 732 3488 difficile
748 3439 824 3487 eam
837 3419 1025 3501 exquirere,
1040 3440 1171 3502 suaque
1187 3441 1292 3490 secre-

291 3525 328 3588 ta
342 3519 470 3588 elicere.
482 3519 626 3600 Insuper
641 3525 676 3588 et
689 3539 933 3602 cognoscemus
948 3539 1055 3602 quare
1070 3519 1199 3602 Rogers
1213 3541 1291 3589 eam

291 3623 387 3702 tegat
411 3625 447 3688 et
474 3625 622 3688 tueatur.
652 3618 734 3688 Haec
759 3617 873 3688 omnia
902 3639 1023 3701 parum
1048 3626 1150 3690 erunt
1173 3619 1291 3690 ardua.

291 3717 355 3788 Sed
371 3741 480 3802 quum
494 3718 567 3789 haec
582 3718 696 3788 omnia
710 3719 965 3802 perfecerimus,
991 3719 1173 3802 omniaque
1197 3719 1292 3790 facta

290 3819 333 3889 ad
347 3839 470 3888 manus
484 3826 596 3901 erunt,
612 3841 732 3889 vereor
747 3841 791 3890 ne
803 3818 870 3889 ista
884 3819 998 3889 omnia
1012 3818 1105 3889 haud
1127 3821 1196 3890 sint
1219 3819 1292 3890 ulli-

290 3942 329 3990 us
343 3920 539 3989 momenti.''

372 4034 505 4108 “Ullius
519 4037 682 4107 momenti
690 4038 727 4106 ?”
743 4045 861 4121 repeto
876 4058 951 4120 ego.
967 4036 1035 4108 “At
1050 4059 1132 4108 vero
1146 4044 1238 4109 certe
1249 4073 1291 4085 -

289 4139 493 4222 quondam.''
