3502 5158
691 860 805 914 emus
825 859 1023 914 amomum
1276 844 1317 915 17

398 1029 553 1112 “Nescio,
570 1030 617 1099 mi
632 1029 722 1100 Here
732 1051 741 1112 ;
762 1028 906 1112 Anglice
919 1029 994 1098 fere
1019 1029 1104 1100 nihil
1131 1028 1260 1100 sciebat
1276 1063 1316 1076 -

317 1133 487 1202 Francum
502 1151 582 1200 eum
596 1130 704 1200 fuisse
719 1129 836 1212 puto.'’

399 1231 610 1315 Goldberger
634 1231 761 1300 iterum
787 1229 948 1300 deorsum
962 1229 999 1300 in
1014 1229 1163 1300 cadaver
1189 1238 1319 1314 specta·

317 1332 378 1403 bat
393 1338 430 1402 et
443 1336 549 1414 caput
562 1329 728 1400 mutabat.

399 1431 631 1515 “Prosequere
641 1429 670 1499 !''
687 1429 736 1500 ait
750 1429 815 1500 ille.

400 1529 456 1601 “Is
469 1553 552 1601 vero
567 1537 639 1600 tam
655 1537 730 1600 erat
744 1530 859 1600 animo
873 1529 1057 1612 concitus,”
1073 1530 1185 1613 pergit
1200 1530 1318 1615 Parks,

317 1630 379 1703 “ut
393 1632 449 1701 vel
464 1631 555 1715 quod
570 1652 693 1714 parum
708 1630 852 1714 Anglice
867 1629 1015 1712 sciverit,
1031 1630 1063 1700 ei
1077 1630 1288 1701 excidisset'’

399 1730 497 1816 “Qua
521 1731 564 1800 de
589 1752 693 1801 causa
718 1752 800 1801 eum
824 1730 1033 1801 concitatum
1061 1731 1169 1802 fuisse
1193 1731 1319 1802 iudica·

319 1832 442 1902 visti?’'

400 1932 473 2002 “lta
487 1931 682 2014 balbutivit,
699 1931 748 2001 ita
762 1931 852 2001 oculi
866 1929 1105 2002 scintillabant.
1122 1931 1205 2001 Inde
1220 1938 1319 2015 puta·

318 2033 353 2104 vi
368 2055 447 2104 eum
473 2032 664 2115 intravisse,
680 2039 722 2101 ut
736 2031 790 2102 hic
805 2039 953 2100 mortem
977 2031 1117 2100 suicidio
1140 2039 1319 2115 oppeteret

318 2169 358 2179 -
383 2156 446 2203 nec
472 2133 616 2202 mirarer
641 2132 668 2201 si
694 2131 861 2215 reperires
885 2154 965 2202 eum
989 2131 1144 2202 alicunde
1160 2133 1318 2202 evasisse.

318 2232 575 2318 Quodammodo
590 2233 626 2301 in
642 2240 795 2302 mentem
809 2232 893 2302 mihi
914 2233 1011 2303 vehit
1026 2233 1133 2302 satius
1148 2232 1223 2302 fore
1238 2254 1319 2302 eum

318 2334 465 2416 exigere,
482 2354 586 2416 quam
603 2333 773 2415 pagellam
789 2333 863 2401 eius
876 2331 959 2402 hero
985 2333 1133 2403 Vantine
1159 2331 1319 2402 exhibere

318 2469 359 2479 —
374 2434 507 2503 utinam
523 2435 573 2502 ita
587 2433 745 2501 fecissem
761 2467 801 2477 —
819 2440 954 2502 atvero
979 2433 1149 2517 pagellam
1176 2431 1251 2501 eius
1275 2431 1319 2502 ad

318 2534 440 2605 herum
456 2533 605 2602 Vantine
621 2532 739 2613 detuli,
754 2531 858 2602 herus
873 2555 957 2602 vero
982 2533 1130 2603 Vantine
1156 2553 1237 2602 eum
1259 2554 1320 2615 per

319 2657 373 2704 me
388 2633 562 2703 considere
577 2631 677 2701 iussit
691 2639 798 2714 atque
813 2654 849 2701 se
865 2631 1024 2716 opperiri,
1039 2630 1179 2715 prohinc
1193 2631 1319 2702 iterum

318 2733 487 2815 descendi,
503 2732 677 2802 hominem
692 2730 760 2801 huc
775 2732 952 2814 intromisi,
966 2733 1158 2814 herumque
1172 2731 1320 2801 Vantine

319 2856 398 2904 mox
412 2832 645 2902 adventurum
660 2831 691 2902 ei
706 2831 785 2914 dixi,
802 2854 870 2914 quo
886 2833 990 2915 facto,
1006 2833 1136 2915 Rogers
1150 2837 1187 2900 et
1199 2853 1265 2914 ego
1276 2831 1321 2902 ad

319 2932 557 3018 prandendum
571 2932 781 3013 recessimus,
807 2931 923 3015 ibique
949 2932 992 3001 ad
1019 2931 1184 3001 tinnitum
1209 2952 1320 3014 usque

320 3031 406 3103 nolae
432 3033 644 3114 sedebamus,
670 3037 746 3101 tum
773 3053 838 3115 ego
863 3033 932 3101 huc
957 3032 1092 3114 accessi,
1117 3030 1176 3102 ubi
1197 3031 1320 3101 herum

320 3133 468 3204 Vantine
483 3133 740 3216 praestolautem
761 3132 903 3216 reperi.’'

402 3232 527 3302 “Aisne
542 3241 582 3302 tu
599 3240 633 3304 te
649 3233 847 3316 Rogersque
870 3231 1072 3315 discessisse,
1098 3238 1202 3315 atque
1228 3231 1320 3301 hunc

320 3333 541 3418 peregrinum
555 3333 611 3402 hic
626 3334 735 3402 solum
751 3331 964 3415 reliquisse?”

403 3432 624 3503 “Triclinium
639 3433 861 3513 famulorum,
877 3431 979 3514 Here,
1001 3431 1036 3501 in
1051 3437 1206 3500 extrema
1219 3431 1321 3500 fauce

320 3540 382 3604 est
409 3534 550 3603 lanuam
565 3539 719 3615 apertam
736 3529 934 3614 reliquimus
949 3538 990 3601 ut
1003 3536 1204 3614 prospectus
1224 3529 1322 3600 nobis

321 3655 382 3717 per
396 3632 646 3716 longitudinem
661 3631 817 3701 faucium
832 3631 868 3699 in
883 3631 1011 3701 atrium
1026 3651 1136 3713 usque
1162 3629 1239 3700 ostii
1265 3652 1322 3713 pa·

320 3739 419 3803 teret.
441 3731 476 3802 Si
486 3736 510 3802 'e
525 3731 677 3803 conclavi
693 3753 853 3814 egressus
867 3738 968 3814 esset,
983 3731 1081 3800 nobis
1102 3751 1182 3800 eum
1206 3728 1322 3800 videre

321 3833 500 3902 licuisset.’'

405 3931 460 4002 “N
462 3953 499 4001 ec
514 3937 566 4000 est
582 3929 654 4013 ipse
669 3930 704 4000 in
719 3929 887 4000 ambitum
901 3953 1061 4014 egressus
1085 3930 1169 4001 dum
1192 3951 1255 4000 vos
1274 3928 1321 3999 ibi

322 4030 582 4103 morabaminil''

405 4131 504 4200 “Non
526 4131 608 4200 est.”
