3500 5158
710 907 897 964 sucnmou
918 907 1026 964 mon
1303 891 1366 962 26³

369 1083 410 1147 ut
433 1075 569 1160 propria
592 1077 729 1161 negotia
758 1099 924 1162 curarem,
953 1075 1180 1160 reprehendit
1216 1075 1367 1158 Godrrey

367 1176 467 1259 enim,
482 1183 523 1247 ut
537 1176 729 1260 meministi,
743 1178 812 1248 iam
826 1178 956 1261 pridem
971 1199 1051 1247 eum
1066 1177 1283 1248 insectatur.''

448 1274 559 1358 “Quid
589 1277 617 1346 si
645 1299 710 1360 ego
739 1300 820 1348 eum
849 1299 1031 1362 provocem
1039 1277 1076 1348 ?'’
1106 1298 1255 1362 suggero
1287 1298 1362 1359 ego.

365 1375 618 1460 “quidquamne
632 1377 766 1449 obesset
775 1378 811 1448 ?”

448 1475 562 1546 “Nihil
577 1499 638 1561 per
652 1481 748 1560 me‚''
766 1478 946 1562 respondet
960 1477 1161 1561 Simmonds,
1190 1475 1274 1548 “nec
1295 1476 1364 1548 scio

365 1598 426 1660 per
440 1598 544 1660 quem
558 1578 672 1661 alium,
688 1577 963 1662 quandoquidem
979 1601 1033 1650 res
1047 1577 1173 1649 nemini
1184 1585 1266 1648 nota
1280 1577 1364 1648 est.”

448 1692 591 1764 “Placet
614 1695 681 1766 Fac
696 1695 832 1767 interim
857 1701 899 1766 ut
924 1717 978 1766 res
1000 1696 1066 1766 ista
1089 1695 1180 1766 lente
1195 1695 1365 1776 trahatur,

364 1795 479 1878 sicque
494 1794 645 1879 Godfrey
664 1803 800 1880 tempus
824 1795 868 1866 ad
894 1797 962 1867 huc
984 1795 1252 1880 perveniendum
1281 1816 1361 1878 sup

448 1994 640 2066 Simmonds
654 1997 785 2068 annuit

449 2094 605 2166 “Faciam
619 2096 784 2181 quidquid
810 2097 966 2181 possim,”
993 2096 1176 2181 respondit,
1202 2094 1290 2166 “non
1317 2103 1366 2166 ta·

364 2217 442 2265 men
472 2196 637 2280 perspicio
677 2197 965 2280 quemadmodum
993 2197 1028 2268 id
1058 2196 1280 2280 profuturum
1309 2196 1363 2266 sit.

364 2295 555 2366 maetectus
568 2317 637 2366 non
651 2295 810 2367 admittet
831 2319 912 2367 eum
927 2297 1031 2368 etiam
1045 2297 1073 2366 si
1088 2295 1280 2367 adveniat”

448 2409 581 2482 “Satius
596 2412 660 2482 erit
674 2435 750 2483 eam
766 2435 838 2484 rem
861 2435 965 2497 penes
987 2413 1139 2496 Gomey
1164 2412 1364 2495 relinquere.

363 2513 517 2595 AEquum
533 2511 624 2582 enim
638 2519 690 2582 est
715 2519 756 2582 ut
779 2513 850 2597 ipsc
874 2513 1065 2596 edoccatur,
1089 2499 1366 2596 quandoquidem

364 2611 418 2681 ille
433 2618 619 2682 auctorest
635 2633 740 2695 quare
756 2633 835 2683 arca
849 2612 896 2683 ibi
911 2613 955 2683 sit
970 2611 1030 2683 ubi
1045 2612 1128 2683 est”

447 2725 506 2798 “Id
529 2749 597 2798 non
620 2750 676 2798 me
698 2729 860 2812 praetcrit,
883 2736 918 2800 et
943 2729 1014 2813 ipse
1037 2729 1179 2812 Piggott
1193 2750 1266 2798 rem
1279 2750 1365 2813 prae·

364 2829 489 2899 claram
504 2834 603 2912 putat
617 2849 730 2899 arcam
744 2829 811 2899 illic
826 2829 1033 2900 reconditam
1050 2849 1134 2913 esse,
1149 2827 1281 2898 etiamsi
1292 2829 1363 2912 ipse

364 2949 429 3012 ego
451 2949 589 3010 peream
611 2929 639 2998 si
663 2928 768 2998 sciam
792 2951 864 2999 cur.
895 2929 963 2998 Fac
991 2949 1117 3012 urgeas
1146 2927 1297 3011 Godirey
1320 2928 1364 2999 ad

363 3049 467 3111 quam
481 3027 654 3097 celerrime
669 3028 930 3099 adveniendum.
946 3029 1030 3098 Vale
1044 3029 1161 3111 bene,''
1175 3028 1301 3111 quibus
1316 3027 1364 3098 di·

363 3127 428 3197 ctis
442 3149 521 3197 suos
535 3127 684 3210 comites,
700 3128 736 3197 in
751 3127 932 3198 stationem
948 3135 1086 3199 secutus
1100 3136 1161 3198 est.

448 3244 557 3328 Prope
570 3243 606 3314 in
622 3246 747 3328 angulo
763 3246 872 3328 reperi
894 3245 1104 3329 apothecam,
1119 3245 1300 3315 stationem
1316 3251 1366 3315 te-

364 3343 583 3428 lephonicam,
598 3367 637 3416 ac
652 3343 731 3415 bina
745 3345 878 3415 minuta
893 3352 969 3428 post
984 3365 1063 3415 cum
1078 3345 1209 3415 urbana
1230 3346 1364 3415 Reoord

365 3444 499 3514 officina
512 3443 736 3528 colloquebar.

448 3559 728 3644 “Nequaquam''
745 3560 918 3645 respondit
934 3581 1001 3631 vox
1015 3561 1159 3631 alicuius
1173 3560 1366 3644 supercilio·

364 3660 402 3745 si,
417 3659 541 3731 “hams
555 3660 707 3744 Godirey
720 3682 789 3731 non
805 3667 857 3732 est
872 3661 943 3743 hic;
968 3661 1081 3745 paullo
1092 3667 1172 3730 ante
1183 3659 1365 3731 discessit.”

364 3761 436 3832 Nec
450 3762 632 3832 collocutor
647 3761 774 3832 sciebat
788 3782 856 3846 quo
877 3761 932 3831 ille
946 3761 1073 3844 ivisset,
1087 3767 1150 3831 aut
1165 3761 1303 3844 quando
1319 3781 1370 3831 re-

363 3882 527 3932 versurus
541 3868 640 3932 esset

448 3976 560 4058 “Quin
575 3977 687 4060 audi,''
702 3979 757 4048 aio
771 3977 827 4060 illi,
843 3976 918 4048 “res
933 3977 998 4048 ista
1011 3976 1128 4060 gravis
1142 3984 1203 4047 est
1220 3975 1364 4060 Oportet

363 4084 402 4148 ut
417 4098 496 4147 curn
511 4099 551 4147 eo
566 4098 667 4160 agam
680 4113 720 4124 -
736 4099 799 4147 nec
812 4099 868 4147 me
890 4077 1073 4148 demoreris
1086 4076 1268 4159 quominus
1281 4098 1362 4147 cum

363 4178 603 4249 concionatore
617 4177 749 4249 urbano
764 4177 915 4260 loquar.’'
