3502 5158
417 843 439 911 8
677 859 887 912 ursrsmun
909 859 1017 913 anca
1040 853 1159 913 sousa

399 1032 493 1122 'tum
520 1047 560 1096 ac
582 1026 806 1107 delineatum
838 1026 1046 1097 redditivum
1067 1033 1184 1097 autem
1199 1049 1218 1096 e
1233 1048 1353 1096 norma
1367 1049 1420 1096 ca·

418 1147 460 1195 su
475 1126 667 1275 oriundum,
683 1125 781 1196 abeo
797 1147 865 1195 non
881 1126 1056 1209 speciatim
1070 1127 1282 1196 meditatum.
1304 1127 1420 1198 Nunc·

417 1247 462 1294 ne
477 1233 573 1296 tenes
585 1226 617 1295 .‘'

502 1357 575 1429 “Sic
590 1358 706 1442 puto,”
721 1359 888 1442 respondi.
921 1357 995 1429 “lta
1018 1359 1092 1428 fere
1108 1381 1162 1429 res
1177 1367 1229 1431 cst
1243 1382 1283 1429 ac
1305 1359 1333 1430 si
1359 1359 1420 1430 Mi·

417 1457 513 1528 chael
535 1459 697 1542 Angelus,
723 1479 831 1541 quum
854 1457 1002 1542 primum
1029 1458 1211 1542 quamdam
1236 1460 1420 1543 imaginem

418 1557 494 1627 albo
508 1557 745 1628 delineavisset
759 1558 794 1627 in
809 1558 919 1628 fundo
933 1557 1042 1642 nigro,
1057 1559 1236 1630 tentamini
1252 1561 1287 1629 in
1302 1560 1421 1630 charta

418 1657 579 1741 paginam
600 1658 832 1741 supposuisset
846 1658 1074 1742 fuliginosam,
1095 1681 1234 1742 unoque
1259 1681 1360 1743 opere
1385 1666 1420 1730 et

417 1757 635 1828 simulacrum
650 1757 724 1827 eius
738 1758 876 1842 nigrum
890 1758 926 1827 in
941 1758 1017 1828 albo
1032 1759 1230 1828 effecisset.''

502 1889 666 1961 “Prorsus
679 1892 736 1960 ita
753 1891 997 1974 Primigenium
1023 1891 1130 1974 igitur
1144 1899 1186 1961 ut
1199 1892 1300 1962 arsin
1312 1893 1421 1976 pretio

416 1998 478 2060 est.
501 1990 629 2074 Utique
642 1998 678 2060 et
694 1991 901 2061 redditivum
916 2013 1006 2074 saepe
1029 1991 1192 2061 eximium
1215 1999 1277 2075 est,
1303 1999 1421 2062 tamen

416 2090 527 2173 gradu
543 2091 690 2173 quodam
704 2090 907 2161 humiliori.'’

502 2205 561 2275 “ld
577 2207 658 2276 satis
673 2206 867 2290 perspicio,'’
890 2207 1056 2290 respondi.

502 2321 624 2393 “Nunc
640 2344 732 2404 vero,
758 2323 804 2392 mi
830 2323 979 2404 Lester,”
1006 2324 1120 2406 pergit
1141 2323 1299 2407 Vantine,
1315 2325 1421 2395 oculis

417 2422 526 2506 magis
540 2423 717 2506 magisque
732 2423 1001 2505 scintillantibus,
1024 2422 1073 2492 “si
1095 2431 1186 2493 recte
1213 2424 1366 2508 suspicor
1380 2460 1419 2470 -

417 2521 447 2591 si
463 2522 609 2606 Magnus
623 2522 677 2591 ille
694 2522 887 2591 Ludovicus
902 2529 1084 2592 contentus
1098 2523 1167 2592 fuit
1181 2523 1237 2592 illo
1252 2523 1420 2594 redditivo

417 2621 520 2692 huius
534 2643 622 2692 arcae
637 2643 698 2705 pro
721 2621 831 2704 longis
846 2622 933 2691 aulis
947 2621 1152 2704 Versalibus,
1180 2643 1281 2704 quem
1308 2623 1422 2693 existi-

416 2742 490 2790 mas
505 2722 721 2805 originariam
743 2721 914 2805 possidere
924 2722 961 2790 i’'

501 2853 589 2937 Quid
605 2855 635 2923 ei
650 2854 687 2922 in
702 2861 817 2924 mente
833 2861 931 2936 esset,
946 2854 1112 2938 perspexi.

500 2969 755 3054 “Quamdamne
770 2970 956 3039 amicarum
971 2970 1175 3053 intelligis?”

500 3086 560 3156 “ld
582 3087 743 3169 intelligo,
774 3086 927 3169 scireque
954 3094 1039 3170 puto
1064 3108 1143 3169 quae
1168 3089 1224 3157 illa
1248 3089 1356 3157 fuerit
1380 3125 1419 3133 —

416 3187 573 3256 Matrona
593 3208 634 3256 ea
649 3187 718 3256 fuit
733 3187 776 3255 de
791 3187 1024 3270 Montespan.’'

498 3303 720 3387 Stupefactus
744 3325 823 3372 eum
849 3304 1044 3386 contuebar,
1060 3311 1101 3374 ut
1125 3305 1247 3388 ipsein
1263 3305 1344 3374 sella
1371 3329 1421 3374 re·

415 3403 560 3474 clinatus
574 3403 610 3473 in
625 3425 680 3472 me
695 3403 903 3473 subridebat.

500 3519 597 3596 “At”
613 3520 755 3590 obverto
770 3519 826 3601 illi,
842 3517 976 3589 “certus
990 3541 1063 3588 esse
1079 3541 1147 3589 non
1163 3527 1261 3603 potes
1275 3521 1336 3565 —”

500 3651 623 3722 “Recte
649 3653 796 3735 mones,”
823 3653 1008 3722 assentitur
1031 3653 1195 3735 protinus,
1218 3659 1311 3722 certo
1334 3655 1419 3724 scire

415 3774 557 3836 nequeo.
569 3751 642 3821 Hoc
650 3760 713 3834 est,
723 3751 867 3835 probare
876 3774 944 3820 non
953 3773 1100 3835 possum.
1111 3752 1174 3822 Est
1184 3758 1299 3822 tamen
1314 3753 1421 3838 quod-

416 3853 495 3922 dam
517 3889 557 3897 -
572 3859 614 3922 ut
627 3853 676 3922 ita
691 3851 801 3921 dicam
816 3887 857 3895 -
873 3851 1105 3922 testimonium
1120 3852 1352 3936 accessorium,
1369 3863 1419 3936 ut,

415 3952 451 4022 ni
466 3954 575 4034 fallor,
591 3973 653 4021 vos
667 3950 850 4034 iurisperiti
865 3952 1051 4035 appellatis.
1069 3952 1175 4022 Boule
1196 3959 1300 4035 atque
1326 3954 1420 4024 Mon·

323 4043 327 4051 ¹
415 4060 535 4136 tespan
551 4051 607 4121 illa
621 4052 709 4122 circa
730 4052 793 4121 boc
815 4051 905 4120 idem
929 4060 1066 4135 tempus
1081 4051 1116 4120 in
1136 4052 1333 4122 summitate
1348 4076 1421 4123 suae

415 4151 531 4235 gloriae
567 4152 757 4234 fulgebant,
784 4150 935 4234 mihique
961 4151 1061 4221 facile
1094 4153 1282 4235 persuadeo
1323 4175 1420 4223 coru·
