3536 5156
557 926 709 980 anunm
727 925 888 980 vaurum
904 925 1115 982 snaurnron
1266 907 1330 981 171

330 1097 401 1167 tine
410 1095 512 1165 foruli
521 1094 701 1179 aperiendi,
716 1095 904 1178 litten'sque
918 1094 1071 1178 potiundi
1085 1093 1332 1177 impetrandam

334 1196 402 1267 acsi
417 1196 508 1266 vices
523 1196 668 1267 dominae
681 1203 826 1279 gereret,
840 1195 909 1264 huc
924 1195 1086 1265 venisse.”

418 1312 531 1384 “Bene
547 1321 582 1383 te
597 1313 803 1382 existimasse
818 1312 993 1395 arbitror,”
1009 1313 1105 1382 fatur
1120 1311 1270 1395 Godfrey
1281 1334 1331 1381 co

334 1415 554 1499 gitabundus.

418 1531 491 1600 “Ex
506 1529 746 1615 nostraigitur
760 1530 925 1613 opinione,
941 1537 1121 1614 postquam
1147 1529 1278 1600 Drouet
1298 1529 1333 1598 in

335 1632 493 1702 conclave
509 1629 721 1700 intromissus
736 1638 819 1712 erat,
834 1631 1047 1714 conspicatus
1061 1637 1113 1700 est
1128 1650 1251 1713 arcam,
1262 1637 1335 1700 ten·

337 1732 424 1802 tavit
438 1731 590 1801 forulum
606 1731 760 1813 evellere,
771 1730 873 1814 idque
884 1731 1050 1801 moliendo
1061 1730 1167 1801 fuisse
1178 1731 1335 1801 occisum.

336 1834 382 1903 At
397 1833 479 1902 satis
493 1832 632 1915 planum
648 1839 700 1901 est
714 1853 807 1901 nunc
821 1831 904 1901 nihil
929 1853 1067 1915 prorsus
1081 1831 1169 1901 circa
1183 1831 1337 1901 forulum

338 1955 410 2002 esse
425 1931 516 2014 quod
531 1931 691 2014 cuiquam
705 1953 827 2001 nocere
842 1931 978 2014 possit.”

421 2048 514 2118 “Hoc
529 2057 621 2118 certe
636 2048 856 2118 manifestum
868 2055 929 2131 est,
941 2055 981 2119 ut
995 2049 1076 2119 mihi
1093 2050 1231 2133 quidem
1246 2050 1336 2120 vide

340 2151 429 2232 tur,”
443 2149 564 2232 probat
578 2149 738 2230 Godfrey.

410 2265 464 2336 “Si
480 2287 562 2335 vero
576 2266 729 2335 forulum
745 2265 932 2348 evulsisset,
948 2266 1078 2336 litteras
1092 2268 1246 2350 profecto
1261 2289 1337 2336 exe

338 2366 464 2448 missct,
479 2365 646 2448 siquidem
666 2365 825 2435 obstabat
849 2365 942 2436 nihil.
975 2366 1257 2450 Quandoquidem
1281 2389 1339 2437 eas

339 2489 408 2535 non
424 2465 558 2548 exemit,
565 2486 678 2535 nonne
693 2464 848 2548 sequitur
858 2487 993 2536 necesse
1002 2473 1054 2536 est
1064 2488 1143 2535 eum
1155 2473 1339 2550 antequam

338 2565 451 2635 forulo
467 2564 596 2648 potitus
610 2572 709 2648 esset,
723 2565 830 2635 fuisse
856 2565 1028 2636 occisum?
1058 2567 1159 2650 Quin,
1183 2567 1339 2650 fortasse,

339 2687 452 2736 arcam
466 2687 510 2734 ne
524 2665 610 2734 vidit
625 2665 771 2747 quidem.
807 2665 896 2734 Eum
911 2665 975 2735 illic
990 2665 1025 2735 in
1040 2667 1189 2736 conclavi
1214 2689 1341 2736 casum

339 2765 456 2848 fuisse,
465 2764 578 2848 paullo
587 2772 663 2847 post
672 2787 775 2847 quarn
785 2764 892 2834 Pnrks
899 2787 978 2834 eum
987 2766 1170 2848 reliquerat
1177 2758 1342 2852 oportet'’

424 2863 536 2946 “Quid
551 2871 627 2933 turn
642 2865 685 2934 de
699 2863 892 2934 Vantinei”
914 2866 1037 2947 quaen't
1053 2866 1213 2951 Godrrey.

426 2980 590 3051 “Prorsus
604 2981 746 3064 nesci0,''
763 2981 919 3064 respondi
934 3003 993 3065 spe
1008 2982 1167 3054 deiectus
1189 2983 1266 3068 Ipse
1288 2985 1341 3055 lit·

343 3089 434 3151 teras
447 3103 515 3151 non
531 3080 720 3151 curavit-
736 3080 762 3151 si
777 3082 930 3150 forulum
945 3081 1000 3151 vel
1021 3083 1166 3154 maxime
1189 3091 1343 3156 tentave-

343 3182 397 3264 n't,
412 3182 455 3251 ad
481 3202 664 3263 summum,
690 3180 884 3251 curiositate
909 3181 1034 3251 ductus
1055 3182 1091 3252 id
1112 3183 1193 3266 egit,
1208 3191 1249 3254 ut
1263 3206 1343 3268 ope-

343 3281 439 3350 randi
455 3281 594 3350 modum
609 3281 684 3350 eius
697 3280 917 3364 experiretur.
934 3281 1107 3364 Attamen,
1122 3283 1242 3366 utique
1252 3283 1342 3354 idern

346 3381 437 3464 quod
452 3380 572 3450 occidit
594 3381 712 3462 Druet,
728 3389 762 3451 et
778 3402 858 3450 eum
872 3381 1001 3450 occidit.
1032 3381 1175 3452 Prorsus
1188 3384 1237 3453 ita
1252 3419 1292 3430 ·-·
1308 3391 1343 3454 et

343 3485 445 3563 nunc,
460 3479 552 3563 quod
567 3479 609 3549 de
624 3501 665 3550 ea
679 3501 716 3549 re
731 3480 852 3563 cogito,
868 3502 966 3564 aeque
981 3488 1113 3550 certum
1128 3489 1239 3552 estne
1262 3504 1343 3553 eum

349 3579 486 3662 quidem
501 3579 672 3662 aperuisse
682 3580 866 3649 forulum.'’

429 3679 597 3761 “Quinam
613 3679 674 3748 tibi
689 3687 822 3749 constat
835 3680 871 3750 id
885 3687 1018 3749 certum
1034 3680 1151 3751 esse?”

429 3795 580 3866 “Scilicet
596 3795 622 3865 si
638 3796 790 3865 forulum
806 3796 1013 3879 evulsisset,”
1035 3798 1206 3882 docebam,
1222 3798 1344 3882 “idque

346 3894 513 3964 moliendo
528 3917 637 3965 caesus
651 3902 750 3977 esset,
763 3895 899 3965 forulus
913 3904 1053 3980 apertus
1066 3899 1253 3968 mansisset.
1269 3900 1345 3968 Exi-

347 3995 526 4064 stimabam
542 3994 647 4078 prius,
662 3996 807 4065 fortasse
828 3995 982 4065 forulum
996 4018 1106 4080 perse
1122 3997 1275 4068 clausum
1289 4000 1346 4070 fu·

346 4095 421 4177 isse,
445 4094 504 4164 sed
527 4100 567 4164 ut
591 4095 696 4176 vides,
722 4095 756 4163 id
781 4095 913 4164 facturn
928 4117 997 4165 non
1012 4104 1073 4166 est.
1096 4098 1242 4168 Forulus
1255 4100 1346 4168 enim

347 4217 452 4264 manu
468 4194 569 4264 debet
584 4194 704 4278 claudi,
719 4195 860 4278 eiusque
881 4217 964 4268 ansa
985 4195 1021 4266 in
1043 4197 1155 4268 locum
1177 4199 1346 4283 repn'mi.”
