<?xml version="1.0" encoding="UTF-8"?>
<!DOCTYPE html PUBLIC "-//W3C//DTD XHTML 1.0 Transitional//EN"
    "http://www.w3.org/TR/xhtml1/DTD/xhtml1-transitional.dtd">
<html xmlns="http://www.w3.org/1999/xhtml" xml:lang="en" lang="en">
 <head>
  <title>
</title>
<meta http-equiv="Content-Type" content="text/html;charset=utf-8" />
  <meta name='ocr-system' content='tesseract 3.04.00' />
  <meta name='ocr-capabilities' content='ocr_page ocr_carea ocr_par ocr_line ocrx_word'/>
</head>
<body>
  <div class='ocr_page' id='page_1' title='image "./mysteriumarcbou00mogygoog/mysteriumarcbou00mogygoog_0193.png"; bbox 0 0 3536 5156; ppageno 0'>
   <div class='ocr_carea' id='block_1_1' title="bbox 411 907 1149 978">
    <p class='ocr_par' dir='ltr' id='par_1_1' title="bbox 411 907 1149 978">
     <span class='ocr_line' id='line_1_1' title="bbox 411 907 1149 978; baseline -0.003 0"><span class='ocrx_word' id='word_1_1' title='bbox 411 907 473 978; x_wconf 89' lang='lat'>178</span> <span class='ocrx_word' id='word_1_2' title='bbox 671 921 882 976; x_wconf 79' lang='lat' dir='ltr'>uvsrmunr</span> <span class='ocrx_word' id='word_1_3' title='bbox 903 923 1011 977; x_wconf 72' lang='lat' dir='ltr'>Anca</span> <span class='ocrx_word' id='word_1_4' title='bbox 1031 915 1149 976; x_wconf 78' lang='lat' dir='ltr'>nourr</span> 
     </span>
    </p>
   </div>
   <div class='ocr_carea' id='block_1_2' title="bbox 407 1090 1503 2575">
    <p class='ocr_par' dir='ltr' id='par_1_2' title="bbox 407 1090 1503 2575">
     <span class='ocr_line' id='line_1_2' title="bbox 407 1090 1405 1176; baseline 0.001 -15"><span class='ocrx_word' id='word_1_5' title='bbox 407 1093 442 1161; x_wconf 93' lang='lat' dir='ltr'>in</span> <span class='ocrx_word' id='word_1_6' title='bbox 457 1113 526 1174; x_wconf 90' lang='lat' dir='ltr'>qua</span> <span class='ocrx_word' id='word_1_7' title='bbox 539 1091 658 1161; x_wconf 90' lang='lat' dir='ltr'>eadem</span> <span class='ocrx_word' id='word_1_8' title='bbox 682 1097 879 1161; x_wconf 88' lang='lat' dir='ltr'>coacervata</span> <span class='ocrx_word' id='word_1_9' title='bbox 900 1098 982 1160; x_wconf 90' lang='lat' dir='ltr'>erat.</span> <span class='ocrx_word' id='word_1_10' title='bbox 1005 1090 1142 1161; x_wconf 87' lang='lat' dir='ltr'>Eaedem</span> <span class='ocrx_word' id='word_1_11' title='bbox 1158 1113 1212 1161; x_wconf 90' lang='lat' dir='ltr'>res</span> <span class='ocrx_word' id='word_1_12' title='bbox 1226 1092 1261 1161; x_wconf 95' lang='lat' dir='ltr'>in</span> <span class='ocrx_word' id='word_1_13' title='bbox 1277 1115 1405 1176; x_wconf 92' lang='lat' dir='ltr'>museo,</span> 
     </span>
     <span class='ocr_line' id='line_1_3' title="bbox 412 1190 1413 1276; baseline 0.003 -15"><span class='ocrx_word' id='word_1_14' title='bbox 412 1193 448 1262; x_wconf 90' lang='lat' dir='ltr'>in</span> <span class='ocrx_word' id='word_1_15' title='bbox 462 1191 708 1274; x_wconf 83' lang='lat' dir='ltr'>longitudinem</span> <span class='ocrx_word' id='word_1_16' title='bbox 730 1191 897 1274; x_wconf 89' lang='lat' dir='ltr'><strong>parietum</strong></span> <span class='ocrx_word' id='word_1_17' title='bbox 913 1191 1019 1273; x_wconf 84' lang='lat' dir='ltr'>rigide</span> <span class='ocrx_word' id='word_1_18' title='bbox 1033 1190 1203 1273; x_wconf 83' lang='lat' dir='ltr'>dispositae</span> <span class='ocrx_word' id='word_1_19' title='bbox 1216 1214 1256 1260; x_wconf 92' lang='lat' dir='ltr'>ac</span> <span class='ocrx_word' id='word_1_20' title='bbox 1271 1193 1413 1276; x_wconf 75' lang='lat' dir='ltr'>digesta</span> 
     </span>
     <span class='ocr_line' id='line_1_4' title="bbox 415 1291 1413 1374; baseline 0.001 -12"><span class='ocrx_word' id='word_1_21' title='bbox 415 1291 623 1374; x_wconf 89' lang='lat' dir='ltr'>tessellisque</span> <span class='ocrx_word' id='word_1_22' title='bbox 651 1291 814 1372; x_wconf 76' lang='lat' dir='ltr'>discretae,</span> <span class='ocrx_word' id='word_1_23' title='bbox 844 1313 1011 1360; x_wconf 90' lang='lat' dir='ltr'>summam</span> <span class='ocrx_word' id='word_1_24' title='bbox 1040 1291 1205 1360; x_wconf 91' lang='lat' dir='ltr'>iacturam</span> <span class='ocrx_word' id='word_1_25' title='bbox 1229 1293 1357 1362; x_wconf 88' lang='lat' dir='ltr'>decoris</span> <span class='ocrx_word' id='word_1_26' title='bbox 1378 1303 1413 1363; x_wconf 95' lang='lat' dir='ltr'>et</span> 
     </span>
     <span class='ocr_line' id='line_1_5' title="bbox 415 1390 1413 1475; baseline 0.002 -14"><span class='ocrx_word' id='word_1_27' title='bbox 415 1390 673 1475; x_wconf 85' lang='lat' dir='ltr'>pulchritudinis</span> <span class='ocrx_word' id='word_1_28' title='bbox 687 1392 808 1461; x_wconf 89' lang='lat' dir='ltr'>laturae</span> <span class='ocrx_word' id='word_1_29' title='bbox 829 1397 943 1471; x_wconf 85' lang='lat' dir='ltr'>erant;</span> <span class='ocrx_word' id='word_1_30' title='bbox 965 1390 1056 1460; x_wconf 92' lang='lat' dir='ltr'>unde</span> <span class='ocrx_word' id='word_1_31' title='bbox 1080 1392 1240 1474; x_wconf 82' lang='lat' dir='ltr'>cogitatio</span> <span class='ocrx_word' id='word_1_32' title='bbox 1262 1393 1413 1463; x_wconf 93' lang='lat' dir='ltr'>animum</span> 
     </span>
     <span class='ocr_line' id='line_1_6' title="bbox 415 1490 1414 1575; baseline 0.003 -15"><span class='ocrx_word' id='word_1_33' title='bbox 415 1491 497 1561; x_wconf 90' lang='lat' dir='ltr'>mihi</span> <span class='ocrx_word' id='word_1_34' title='bbox 513 1490 640 1560; x_wconf 86' lang='lat' dir='ltr'>subivit</span> <span class='ocrx_word' id='word_1_35' title='bbox 655 1498 784 1574; x_wconf 93' lang='lat' dir='ltr'>quanto</span> <span class='ocrx_word' id='word_1_36' title='bbox 799 1491 1018 1573; x_wconf 77' lang='lat' dir='ltr'>praestantius</span> <span class='ocrx_word' id='word_1_37' title='bbox 1032 1491 1066 1560; x_wconf 96' lang='lat' dir='ltr'>id</span> <span class='ocrx_word' id='word_1_38' title='bbox 1081 1492 1242 1560; x_wconf 87' lang='lat' dir='ltr'>futurum</span> <span class='ocrx_word' id='word_1_39' title='bbox 1257 1515 1317 1575; x_wconf 94' lang='lat' dir='ltr'>pro</span> <span class='ocrx_word' id='word_1_40' title='bbox 1330 1494 1414 1563; x_wconf 91' lang='lat' dir='ltr'>urbe</span> 
     </span>
     <span class='ocr_line' id='line_1_7' title="bbox 414 1590 1414 1675; baseline 0.001 -14"><span class='ocrx_word' id='word_1_41' title='bbox 414 1593 488 1662; x_wconf 89' lang='lat' dir='ltr'>Neo</span> <span class='ocrx_word' id='word_1_42' title='bbox 514 1591 719 1672; x_wconf 87' lang='lat' dir='ltr'>Eboracena,</span> <span class='ocrx_word' id='word_1_43' title='bbox 743 1591 771 1660; x_wconf 91' lang='lat' dir='ltr'>si</span> <span class='ocrx_word' id='word_1_44' title='bbox 797 1591 918 1660; x_wconf 90' lang='lat' dir='ltr'>domus</span> <span class='ocrx_word' id='word_1_45' title='bbox 939 1590 1004 1659; x_wconf 91' lang='lat' dir='ltr'>ista</span> <span class='ocrx_word' id='word_1_46' title='bbox 1025 1599 1136 1673; x_wconf 93' lang='lat' dir='ltr'>vetus,</span> <span class='ocrx_word' id='word_1_47' title='bbox 1158 1599 1348 1675; x_wconf 87' lang='lat' dir='ltr'>cunctaque</span> <span class='ocrx_word' id='word_1_48' title='bbox 1379 1595 1414 1662; x_wconf 94' lang='lat' dir='ltr'>in</span> 
     </span>
     <span class='ocr_line' id='line_1_8' title="bbox 415 1690 1414 1774; baseline 0.001 -13"><span class='ocrx_word' id='word_1_49' title='bbox 415 1691 489 1761; x_wconf 89' lang='lat' dir='ltr'>eius</span> <span class='ocrx_word' id='word_1_50' title='bbox 511 1690 749 1774; x_wconf 72' lang='lat' dir='ltr'>penetralibus</span> <span class='ocrx_word' id='word_1_51' title='bbox 773 1697 864 1760; x_wconf 89' lang='lat' dir='ltr'>sarta</span> <span class='ocrx_word' id='word_1_52' title='bbox 887 1698 977 1759; x_wconf 91' lang='lat' dir='ltr'>tecta</span> <span class='ocrx_word' id='word_1_53' title='bbox 1001 1691 1270 1774; x_wconf 86' lang='lat' dir='ltr'>intemerataque</span> <span class='ocrx_word' id='word_1_54' title='bbox 1286 1715 1414 1762; x_wconf 88' lang='lat' dir='ltr'>nonnae</span> 
     </span>
     <span class='ocr_line' id='line_1_9' title="bbox 420 1790 1416 1876; baseline 0.001 -15"><span class='ocrx_word' id='word_1_55' title='bbox 420 1792 528 1862; x_wconf 89' lang='lat' dir='ltr'>instar</span> <span class='ocrx_word' id='word_1_56' title='bbox 542 1797 833 1871; x_wconf 88' lang='lat' dir='ltr'>conservarentur,</span> <span class='ocrx_word' id='word_1_57' title='bbox 849 1797 890 1859; x_wconf 92' lang='lat' dir='ltr'>ut</span> <span class='ocrx_word' id='word_1_58' title='bbox 904 1790 981 1859; x_wconf 93' lang='lat' dir='ltr'>inde</span> <span class='ocrx_word' id='word_1_59' title='bbox 1003 1791 1112 1860; x_wconf 92' lang='lat' dir='ltr'>minor</span> <span class='ocrx_word' id='word_1_60' title='bbox 1128 1791 1192 1861; x_wconf 90' lang='lat' dir='ltr'>ista</span> <span class='ocrx_word' id='word_1_61' title='bbox 1207 1814 1416 1876; x_wconf 87' lang='lat' dir='ltr'>nervoseque</span> 
     </span>
     <span class='ocr_line' id='line_1_10' title="bbox 418 1890 1418 1976; baseline 0.003 -16"><span class='ocrx_word' id='word_1_62' title='bbox 418 1914 584 1976; x_wconf 87' lang='lat' dir='ltr'>proruens</span> <span class='ocrx_word' id='word_1_63' title='bbox 608 1891 783 1973; x_wconf 90' lang='lat' dir='ltr'>generatio</span> <span class='ocrx_word' id='word_1_64' title='bbox 798 1891 985 1973; x_wconf 87' lang='lat' dir='ltr'>digniorem</span> <span class='ocrx_word' id='word_1_65' title='bbox 1010 1891 1092 1960; x_wconf 88' lang='lat' dir='ltr'>vitae</span> <span class='ocrx_word' id='word_1_66' title='bbox 1112 1890 1261 1974; x_wconf 91' lang='lat' dir='ltr'>modum,</span> <span class='ocrx_word' id='word_1_67' title='bbox 1277 1892 1418 1976; x_wconf 91' lang='lat' dir='ltr'>discipli-</span> 
     </span>
     <span class='ocr_line' id='line_1_11' title="bbox 417 1991 1503 2076; baseline 0.002 -15"><span class='ocrx_word' id='word_1_68' title='bbox 417 2014 496 2061; x_wconf 88' lang='lat' dir='ltr'>nam</span> <span class='ocrx_word' id='word_1_69' title='bbox 512 1991 791 2074; x_wconf 89' lang='lat' dir='ltr'>maiestatemque</span> <span class='ocrx_word' id='word_1_70' title='bbox 806 1991 895 2060; x_wconf 92' lang='lat' dir='ltr'>illius</span> <span class='ocrx_word' id='word_1_71' title='bbox 915 1991 1092 2060; x_wconf 89' lang='lat' dir='ltr'>veterioris</span> <span class='ocrx_word' id='word_1_72' title='bbox 1112 1992 1176 2061; x_wconf 91' lang='lat' dir='ltr'>sub</span> <span class='ocrx_word' id='word_1_73' title='bbox 1199 1993 1303 2063; x_wconf 92' lang='lat' dir='ltr'>oculis</span> <span class='ocrx_word' id='word_1_74' title='bbox 1323 1994 1415 2063; x_wconf 87' lang='lat' dir='ltr'>vide·</span> <span class='ocrx_word' id='word_1_75' title='bbox 1500 2069 1503 2076; x_wconf 66' lang='grc'>,</span> 
     </span>
     <span class='ocr_line' id='line_1_12' title="bbox 417 2091 1419 2173; baseline 0.002 -12"><span class='ocrx_word' id='word_1_76' title='bbox 417 2101 489 2173; x_wconf 91' lang='lat' dir='ltr'>ret;</span> <span class='ocrx_word' id='word_1_77' title='bbox 511 2114 551 2161; x_wconf 89' lang='lat' dir='ltr'>eo</span> <span class='ocrx_word' id='word_1_78' title='bbox 572 2091 704 2161; x_wconf 85' lang='lat' dir='ltr'>circiter</span> <span class='ocrx_word' id='word_1_79' title='bbox 725 2091 825 2159; x_wconf 93' lang='lat' dir='ltr'>modo</span> <span class='ocrx_word' id='word_1_80' title='bbox 846 2111 914 2173; x_wconf 89' lang='lat' dir='ltr'>quo</span> <span class='ocrx_word' id='word_1_81' title='bbox 935 2096 1084 2160; x_wconf 87' lang='lat' dir='ltr'>vetustae</span> <span class='ocrx_word' id='word_1_82' title='bbox 1098 2113 1137 2160; x_wconf 91' lang='lat' dir='ltr'>ac</span> <span class='ocrx_word' id='word_1_83' title='bbox 1151 2100 1307 2162; x_wconf 85' lang='lat' dir='ltr'>venustae</span> <span class='ocrx_word' id='word_1_84' title='bbox 1329 2094 1419 2163; x_wconf 84' lang='lat' dir='ltr'>aedes</span> 
     </span>
     <span class='ocr_line' id='line_1_13' title="bbox 418 2191 1416 2276; baseline 0 -14"><span class='ocrx_word' id='word_1_85' title='bbox 418 2191 755 2262; x_wconf 88' lang='lat' dir='ltr'>Plantin-Moretanae</span> <span class='ocrx_word' id='word_1_86' title='bbox 783 2191 982 2274; x_wconf 87' lang='lat' dir='ltr'>Antverpiae</span> <span class='ocrx_word' id='word_1_87' title='bbox 1011 2199 1271 2262; x_wconf 92' lang='lat' dir='ltr'>monumentum</span> <span class='ocrx_word' id='word_1_88' title='bbox 1304 2214 1416 2276; x_wconf 87' lang='lat' dir='ltr'>repre-</span> 
     </span>
     <span class='ocr_line' id='line_1_14' title="bbox 416 2291 1416 2375; baseline 0.001 -14"><span class='ocrx_word' id='word_1_89' title='bbox 416 2291 586 2362; x_wconf 91' lang='lat' dir='ltr'>hensionis</span> <span class='ocrx_word' id='word_1_90' title='bbox 598 2299 649 2361; x_wconf 90' lang='lat' dir='ltr'>est</span> <span class='ocrx_word' id='word_1_91' title='bbox 659 2291 841 2361; x_wconf 87' lang='lat' dir='ltr'>adversum</span> <span class='ocrx_word' id='word_1_92' title='bbox 850 2298 1043 2360; x_wconf 89' lang='lat' dir='ltr'>nostrorum</span> <span class='ocrx_word' id='word_1_93' title='bbox 1052 2297 1243 2373; x_wconf 91' lang='lat' dir='ltr'>temporum</span> <span class='ocrx_word' id='word_1_94' title='bbox 1255 2291 1416 2375; x_wconf 72' lang='lat' dir='ltr'>librarios</span> 
     </span>
     <span class='ocr_line' id='line_1_15' title="bbox 420 2391 1416 2476; baseline 0 -14"><span class='ocrx_word' id='word_1_95' title='bbox 420 2393 478 2476; x_wconf 94' lang='lat' dir='ltr'>qui</span> <span class='ocrx_word' id='word_1_96' title='bbox 494 2393 623 2462; x_wconf 88' lang='lat' dir='ltr'>litteras</span> <span class='ocrx_word' id='word_1_97' title='bbox 638 2391 800 2461; x_wconf 90' lang='lat' dir='ltr'>mercium</span> <span class='ocrx_word' id='word_1_98' title='bbox 823 2393 983 2460; x_wconf 78' lang='lat' dir='ltr'>mensura</span> <span class='ocrx_word' id='word_1_99' title='bbox 1007 2391 1177 2460; x_wconf 87' lang='lat' dir='ltr'>aestimant</span> <span class='ocrx_word' id='word_1_100' title='bbox 1200 2391 1296 2461; x_wconf 86' lang='lat' dir='ltr'>iuxta</span> <span class='ocrx_word' id='word_1_101' title='bbox 1322 2414 1416 2476; x_wconf 91' lang='lat' dir='ltr'>sapo-</span> 
     </span>
     <span class='ocr_line' id='line_1_16' title="bbox 418 2499 781 2575; baseline -0.017 -13"><span class='ocrx_word' id='word_1_102' title='bbox 418 2515 496 2564; x_wconf 94' lang='lat' dir='ltr'>nem</span> <span class='ocrx_word' id='word_1_103' title='bbox 513 2499 618 2575; x_wconf 92' lang='lat' dir='ltr'>atque</span> <span class='ocrx_word' id='word_1_104' title='bbox 634 2512 781 2561; x_wconf 89' lang='lat' dir='ltr'>caseum.</span> 
     </span>
    </p>
   </div>
   <div class='ocr_carea' id='block_1_3' title="bbox 419 2624 1424 3406">
    <p class='ocr_par' dir='ltr' id='par_1_3' title="bbox 419 2624 1424 3406">
     <span class='ocr_line' id='line_1_17' title="bbox 500 2624 1420 2709; baseline -0.001 -13"><span class='ocrx_word' id='word_1_105' title='bbox 500 2628 549 2708; x_wconf 94' lang='lat' dir='ltr'>ld,</span> <span class='ocrx_word' id='word_1_106' title='bbox 558 2626 688 2709; x_wconf 91' lang='lat' dir='ltr'>utique,</span> <span class='ocrx_word' id='word_1_107' title='bbox 703 2625 770 2694; x_wconf 91' lang='lat' dir='ltr'>iam</span> <span class='ocrx_word' id='word_1_108' title='bbox 779 2625 916 2694; x_wconf 83' lang='lat' dir='ltr'>effectui</span> <span class='ocrx_word' id='word_1_109' title='bbox 933 2624 1004 2694; x_wconf 88' lang='lat' dir='ltr'>dari</span> <span class='ocrx_word' id='word_1_110' title='bbox 1021 2625 1158 2707; x_wconf 89' lang='lat' dir='ltr'>nequit;</span> <span class='ocrx_word' id='word_1_111' title='bbox 1175 2626 1323 2707; x_wconf 90' lang='lat' dir='ltr'>impetus</span> <span class='ocrx_word' id='word_1_112' title='bbox 1331 2648 1420 2695; x_wconf 93' lang='lat' dir='ltr'>mer·</span> 
     </span>
     <span class='ocr_line' id='line_1_18' title="bbox 420 2724 1420 2802; baseline -0.001 -6"><span class='ocrx_word' id='word_1_113' title='bbox 420 2735 549 2797; x_wconf 85' lang='lat' dir='ltr'>caturae</span> <span class='ocrx_word' id='word_1_114' title='bbox 558 2726 592 2795; x_wconf 90' lang='lat' dir='ltr'>in</span> <span class='ocrx_word' id='word_1_115' title='bbox 601 2725 752 2795; x_wconf 89' lang='lat' dir='ltr'>Plateam</span> <span class='ocrx_word' id='word_1_116' title='bbox 761 2724 1176 2794; x_wconf 90' lang='lat' dir='ltr'>ultimamhancobiceme</span> <span class='ocrx_word' id='word_1_117' title='bbox 1190 2725 1300 2794; x_wconf 94' lang='lat' dir='ltr'>medio</span> <span class='ocrx_word' id='word_1_118' title='bbox 1315 2728 1420 2802; x_wconf 87' lang='lat' dir='ltr'>tollet;</span> 
     </span>
     <span class='ocr_line' id='line_1_19' title="bbox 419 2824 1424 2907; baseline -0.003 -10"><span class='ocrx_word' id='word_1_119' title='bbox 419 2827 559 2898; x_wconf 89' lang='lat' dir='ltr'>unicum</span> <span class='ocrx_word' id='word_1_120' title='bbox 568 2824 659 2895; x_wconf 90' lang='lat' dir='ltr'>istud</span> <span class='ocrx_word' id='word_1_121' title='bbox 668 2824 767 2907; x_wconf 88' lang='lat' dir='ltr'>prisci</span> <span class='ocrx_word' id='word_1_122' title='bbox 777 2846 891 2893; x_wconf 89' lang='lat' dir='ltr'>rerum</span> <span class='ocrx_word' id='word_1_123' title='bbox 900 2824 1026 2893; x_wconf 92' lang='lat' dir='ltr'>ordinis</span> <span class='ocrx_word' id='word_1_124' title='bbox 1033 2831 1293 2894; x_wconf 92' lang='lat' dir='ltr'>monumentum</span> <span class='ocrx_word' id='word_1_125' title='bbox 1302 2826 1424 2894; x_wconf 94' lang='lat' dir='ltr'>delebi·</span> 
     </span>
     <span class='ocr_line' id='line_1_20' title="bbox 419 2923 1420 3009; baseline -0.003 -12"><span class='ocrx_word' id='word_1_126' title='bbox 419 2935 494 3009; x_wconf 91' lang='lat' dir='ltr'>tur;</span> <span class='ocrx_word' id='word_1_127' title='bbox 516 2927 608 2995; x_wconf 92' lang='lat' dir='ltr'>intra</span> <span class='ocrx_word' id='word_1_128' title='bbox 621 2947 750 2994; x_wconf 91' lang='lat' dir='ltr'>annum</span> <span class='ocrx_word' id='word_1_129' title='bbox 766 2931 827 2993; x_wconf 92' lang='lat' dir='ltr'>aut</span> <span class='ocrx_word' id='word_1_130' title='bbox 842 2923 1016 2992; x_wconf 90' lang='lat' dir='ltr'>biennium</span> <span class='ocrx_word' id='word_1_131' title='bbox 1031 2923 1186 2992; x_wconf 92' lang='lat' dir='ltr'>immanis</span> <span class='ocrx_word' id='word_1_132' title='bbox 1197 2924 1370 3007; x_wconf 88' lang='lat' dir='ltr'>chalybeia</span> <span class='ocrx_word' id='word_1_133' title='bbox 1385 2933 1420 2994; x_wconf 96' lang='lat' dir='ltr'>et</span> 
     </span>
     <span class='ocr_line' id='line_1_21' title="bbox 420 3023 1419 3110; baseline -0.003 -13"><span class='ocrx_word' id='word_1_134' title='bbox 420 3027 551 3110; x_wconf 89' lang='lat' dir='ltr'>lapidea</span> <span class='ocrx_word' id='word_1_135' title='bbox 566 3034 678 3096; x_wconf 90' lang='lat' dir='ltr'>strues</span> <span class='ocrx_word' id='word_1_136' title='bbox 693 3024 764 3093; x_wconf 93' lang='lat' dir='ltr'>loco</span> <span class='ocrx_word' id='word_1_137' title='bbox 779 3024 938 3106; x_wconf 90' lang='lat' dir='ltr'>potietur,</span> <span class='ocrx_word' id='word_1_138' title='bbox 953 3023 1012 3092; x_wconf 93' lang='lat' dir='ltr'>ubi</span> <span class='ocrx_word' id='word_1_139' title='bbox 1032 3031 1101 3092; x_wconf 91' lang='lat' dir='ltr'>tres</span> <span class='ocrx_word' id='word_1_140' title='bbox 1116 3024 1264 3093; x_wconf 89' lang='lat' dir='ltr'>Vantine</span> <span class='ocrx_word' id='word_1_141' title='bbox 1278 3047 1419 3107; x_wconf 86' lang='lat' dir='ltr'>genera·</span> 
     </span>
     <span class='ocr_line' id='line_1_22' title="bbox 420 3124 1421 3206; baseline -0.003 -10"><span class='ocrx_word' id='word_1_142' title='bbox 420 3128 529 3196; x_wconf 91' lang='lat' dir='ltr'>tiones</span> <span class='ocrx_word' id='word_1_143' title='bbox 554 3125 662 3194; x_wconf 87' lang='lat' dir='ltr'>vitam</span> <span class='ocrx_word' id='word_1_144' title='bbox 688 3131 876 3206; x_wconf 86' lang='lat' dir='ltr'>exegerunt</span> <span class='ocrx_word' id='word_1_145' title='bbox 883 3145 891 3204; x_wconf 92' lang='lat'>;</span> <span class='ocrx_word' id='word_1_146' title='bbox 922 3124 1095 3205; x_wconf 90' lang='lat' dir='ltr'>congeries</span> <span class='ocrx_word' id='word_1_147' title='bbox 1120 3130 1236 3193; x_wconf 90' lang='lat' dir='ltr'>autem</span> <span class='ocrx_word' id='word_1_148' title='bbox 1252 3125 1334 3192; x_wconf 89' lang='lat' dir='ltr'>artis</span> <span class='ocrx_word' id='word_1_149' title='bbox 1348 3125 1421 3194; x_wconf 93' lang='lat' dir='ltr'>the-</span> 
     </span>
     <span class='ocr_line' id='line_1_23' title="bbox 420 3223 1422 3305; baseline -0.002 -9"><span class='ocrx_word' id='word_1_150' title='bbox 420 3247 599 3297; x_wconf 88' lang='lat' dir='ltr'>saurorum</span> <span class='ocrx_word' id='word_1_151' title='bbox 614 3233 685 3294; x_wconf 88' lang='lat' dir='ltr'>tam</span> <span class='ocrx_word' id='word_1_152' title='bbox 707 3225 870 3292; x_wconf 91' lang='lat' dir='ltr'>concinna</span> <span class='ocrx_word' id='word_1_153' title='bbox 885 3231 919 3292; x_wconf 88' lang='lat' dir='ltr'>et</span> <span class='ocrx_word' id='word_1_154' title='bbox 934 3245 1012 3304; x_wconf 87' lang='lat' dir='ltr'>una,</span> <span class='ocrx_word' id='word_1_155' title='bbox 1028 3223 1084 3292; x_wconf 94' lang='lat' dir='ltr'>cui</span> <span class='ocrx_word' id='word_1_156' title='bbox 1099 3223 1260 3305; x_wconf 89' lang='lat' dir='ltr'>cogendae</span> <span class='ocrx_word' id='word_1_157' title='bbox 1281 3225 1422 3294; x_wconf 88' lang='lat' dir='ltr'>ultimus</span> 
     </span>
     <span class='ocr_line' id='line_1_24' title="bbox 422 3323 1421 3406; baseline -0.006 -8"><span class='ocrx_word' id='word_1_158' title='bbox 422 3326 570 3399; x_wconf 87' lang='lat' dir='ltr'>Vantine</span> <span class='ocrx_word' id='word_1_159' title='bbox 595 3326 704 3394; x_wconf 88' lang='lat' dir='ltr'>vitam</span> <span class='ocrx_word' id='word_1_160' title='bbox 729 3324 950 3406; x_wconf 84' lang='lat' dir='ltr'>impenderat,</span> <span class='ocrx_word' id='word_1_161' title='bbox 974 3323 1197 3405; x_wconf 91' lang='lat' dir='ltr'>immergetur</span> <span class='ocrx_word' id='word_1_162' title='bbox 1222 3330 1328 3392; x_wconf 88' lang='lat' dir='ltr'>vastae</span> <span class='ocrx_word' id='word_1_163' title='bbox 1344 3347 1421 3393; x_wconf 93' lang='lat' dir='ltr'>con-</span> 
     </span>
    </p>
   </div>
   <div class='ocr_carea' id='block_1_4' title="bbox 420 3423 1421 3598">
    <p class='ocr_par' dir='ltr' id='par_1_4' title="bbox 420 3423 1421 3598">
     <span class='ocr_line' id='line_1_25' title="bbox 420 3423 1421 3512; baseline -0.004 -14"><span class='ocrx_word' id='word_1_164' title='bbox 420 3427 525 3512; x_wconf 87' lang='lat' dir='ltr'>geriei</span> <span class='ocrx_word' id='word_1_165' title='bbox 554 3449 575 3496; x_wconf 90' lang='lat' dir='ltr'>a</span> <span class='ocrx_word' id='word_1_166' title='bbox 603 3447 721 3495; x_wconf 92' lang='lat' dir='ltr'>museo</span> <span class='ocrx_word' id='word_1_167' title='bbox 746 3445 898 3506; x_wconf 86' lang='lat' dir='ltr'>corrasae,</span> <span class='ocrx_word' id='word_1_168' title='bbox 934 3423 1047 3506; x_wconf 87' lang='lat' dir='ltr'>ibique</span> <span class='ocrx_word' id='word_1_169' title='bbox 1077 3431 1265 3493; x_wconf 84' lang='lat' dir='ltr'>evanescet.</span> <span class='ocrx_word' id='word_1_170' title='bbox 1299 3424 1421 3494; x_wconf 89' lang='lat' dir='ltr'>Tristis</span> 
     </span>
     <span class='ocr_line' id='line_1_26' title="bbox 421 3526 650 3598; baseline -0.017 0"><span class='ocrx_word' id='word_1_171' title='bbox 421 3534 513 3598; x_wconf 90' lang='lat' dir='ltr'>certe</span> <span class='ocrx_word' id='word_1_172' title='bbox 528 3526 650 3596; x_wconf 84' lang='lat' dir='ltr'>exitus.</span> 
     </span>
    </p>
   </div>
   <div class='ocr_carea' id='block_1_5' title="bbox 421 3656 1421 3932">
    <p class='ocr_par' dir='ltr' id='par_1_5' title="bbox 421 3656 1421 3932">
     <span class='ocr_line' id='line_1_27' title="bbox 504 3656 1421 3743; baseline -0.005 -14"><span class='ocrx_word' id='word_1_173' title='bbox 504 3658 597 3743; x_wconf 87' lang='lat' dir='ltr'>“Vir,</span> <span class='ocrx_word' id='word_1_174' title='bbox 611 3657 712 3740; x_wconf 89' lang='lat' dir='ltr'>Here,</span> <span class='ocrx_word' id='word_1_175' title='bbox 728 3664 763 3728; x_wconf 92' lang='lat' dir='ltr'>te</span> <span class='ocrx_word' id='word_1_176' title='bbox 777 3656 959 3727; x_wconf 90' lang='lat' dir='ltr'>convenire</span> <span class='ocrx_word' id='word_1_177' title='bbox 975 3656 1099 3738; x_wconf 85' lang='lat' dir='ltr'>cupit,&#39;’</span> <span class='ocrx_word' id='word_1_178' title='bbox 1126 3656 1255 3726; x_wconf 83' lang='lat' dir='ltr'>affatur</span> <span class='ocrx_word' id='word_1_179' title='bbox 1280 3677 1336 3725; x_wconf 88' lang='lat' dir='ltr'>me</span> <span class='ocrx_word' id='word_1_180' title='bbox 1360 3657 1421 3725; x_wconf 96' lang='lat' dir='ltr'>mi-</span> 
     </span>
     <span class='ocr_line' id='line_1_28' title="bbox 421 3757 1421 3842; baseline -0.004 -12"><span class='ocrx_word' id='word_1_181' title='bbox 421 3760 576 3832; x_wconf 88' lang='lat' dir='ltr'>nistellus</span> <span class='ocrx_word' id='word_1_182' title='bbox 591 3759 634 3829; x_wconf 91' lang='lat' dir='ltr'>ad</span> <span class='ocrx_word' id='word_1_183' title='bbox 650 3759 860 3842; x_wconf 89' lang='lat' dir='ltr'>scriptoriam</span> <span class='ocrx_word' id='word_1_184' title='bbox 876 3757 1116 3838; x_wconf 91' lang='lat' dir='ltr'>considentem,</span> <span class='ocrx_word' id='word_1_185' title='bbox 1143 3778 1182 3825; x_wconf 91' lang='lat' dir='ltr'>ac</span> <span class='ocrx_word' id='word_1_186' title='bbox 1207 3757 1320 3839; x_wconf 90' lang='lat' dir='ltr'>paullo</span> <span class='ocrx_word' id='word_1_187' title='bbox 1344 3764 1421 3839; x_wconf 92' lang='lat' dir='ltr'>post</span> 
     </span>
     <span class='ocr_line' id='line_1_29' title="bbox 423 3857 1142 3932; baseline -0.008 -1"><span class='ocrx_word' id='word_1_188' title='bbox 423 3860 526 3932; x_wconf 91' lang='lat' dir='ltr'>herus</span> <span class='ocrx_word' id='word_1_189' title='bbox 541 3860 635 3930; x_wconf 84' lang='lat' dir='ltr'>Felix</span> <span class='ocrx_word' id='word_1_190' title='bbox 650 3859 802 3929; x_wconf 87' lang='lat' dir='ltr'>Armand</span> <span class='ocrx_word' id='word_1_191' title='bbox 818 3858 978 3927; x_wconf 92' lang='lat' dir='ltr'>inductus</span> <span class='ocrx_word' id='word_1_192' title='bbox 993 3878 1029 3926; x_wconf 91' lang='lat' dir='ltr'>se</span> <span class='ocrx_word' id='word_1_193' title='bbox 1045 3857 1142 3926; x_wconf 90' lang='lat' dir='ltr'>stitit.</span> 
     </span>
    </p>
   </div>
   <div class='ocr_carea' id='block_1_6' title="bbox 414 3990 1423 4279">
    <p class='ocr_par' dir='ltr' id='par_1_6' title="bbox 414 3990 1423 4279">
     <span class='ocr_line' id='line_1_30' title="bbox 504 3990 1421 4072; baseline -0.008 -8"><span class='ocrx_word' id='word_1_194' title='bbox 504 3994 627 4065; x_wconf 91' lang='lat' dir='ltr'>Oculos</span> <span class='ocrx_word' id='word_1_195' title='bbox 641 3993 743 4063; x_wconf 90' lang='lat' dir='ltr'>modo</span> <span class='ocrx_word' id='word_1_196' title='bbox 757 3992 866 4062; x_wconf 87' lang='lat' dir='ltr'>habeo</span> <span class='ocrx_word' id='word_1_197' title='bbox 892 3991 1050 4061; x_wconf 87' lang='lat' dir='ltr'>claudere</span> <span class='ocrx_word' id='word_1_198' title='bbox 1076 3997 1116 4059; x_wconf 88' lang='lat' dir='ltr'>ut</span> <span class='ocrx_word' id='word_1_199' title='bbox 1142 3990 1327 4072; x_wconf 81' lang='lat' dir='ltr'>imaginem</span> <span class='ocrx_word' id='word_1_200' title='bbox 1350 3996 1421 4058; x_wconf 90' lang='lat' dir='ltr'>tam</span> 
     </span>
     <span class='ocr_line' id='line_1_31' title="bbox 422 4089 1423 4173; baseline -0.009 -7"><span class='ocrx_word' id='word_1_201' title='bbox 422 4094 678 4166; x_wconf 86' lang='lat' dir='ltr'>extraordinarii</span> <span class='ocrx_word' id='word_1_202' title='bbox 693 4094 758 4162; x_wconf 93' lang='lat' dir='ltr'>viri</span> <span class='ocrx_word' id='word_1_203' title='bbox 772 4092 854 4161; x_wconf 94' lang='lat' dir='ltr'>mihi</span> <span class='ocrx_word' id='word_1_204' title='bbox 869 4099 1121 4173; x_wconf 86' lang='lat' dir='ltr'>repraesentem,</span> <span class='ocrx_word' id='word_1_205' title='bbox 1136 4110 1216 4159; x_wconf 90' lang='lat' dir='ltr'>nam</span> <span class='ocrx_word' id='word_1_206' title='bbox 1245 4089 1337 4158; x_wconf 82' lang='lat' dir='ltr'>Felix</span> <span class='ocrx_word' id='word_1_207' title='bbox 1361 4091 1423 4158; x_wconf 85' lang='lat' dir='ltr'>Ar.</span> 
     </span>
     <span class='ocr_line' id='line_1_32' title="bbox 414 4193 1420 4279; baseline -0.013 -7"><span class='ocrx_word' id='word_1_208' title='bbox 414 4195 517 4272; x_wconf 84' lang='lat' dir='ltr'>mand</span> <span class='ocrx_word' id='word_1_209' title='bbox 531 4194 585 4265; x_wconf 91' lang='lat' dir='ltr'>vir</span> <span class='ocrx_word' id='word_1_210' title='bbox 600 4201 675 4268; x_wconf 86' lang='lat' dir='ltr'>erat</span> <span class='ocrx_word' id='word_1_211' title='bbox 699 4193 845 4267; x_wconf 86' lang='lat' dir='ltr'>maxime</span> <span class='ocrx_word' id='word_1_212' title='bbox 872 4193 1026 4274; x_wconf 87' lang='lat' dir='ltr'>eximius,</span> <span class='ocrx_word' id='word_1_213' title='bbox 1052 4213 1155 4279; x_wconf 88' lang='lat' dir='ltr'>quem</span> <span class='ocrx_word' id='word_1_214' title='bbox 1187 4211 1343 4278; x_wconf 91' lang='lat' dir='ltr'>unquam</span> <span class='ocrx_word' id='word_1_215' title='bbox 1365 4211 1420 4264; x_wconf 88' lang='lat' dir='ltr'>me</span> 
     </span>
    </p>
   </div>
   <div class='ocr_carea' id='block_1_7' title="bbox 0 0 1785 5156">
    <p class='ocr_par' dir='ltr' id='par_1_7' title="bbox 0 0 1785 5156">
     <span class='ocr_line' id='line_1_33' title="bbox 0 0 1785 5156; baseline 0 0"><span class='ocrx_word' id='word_1_216' title='bbox 0 0 1785 5156; x_wconf 95' lang='lat' dir='ltr'> </span> 
     </span>
    </p>
   </div>
  </div>
 </body>
</html>
