3536 5156
447 895 512 962 222
709 909 919 964 nusmmuu
940 910 1049 963 naen
1070 903 1188 965 nouus

531 1077 660 1148 “Credo
685 1079 883 1148 firmissime.
906 1079 994 1147 Arca
1020 1079 1063 1148 ab
1088 1079 1241 1149 Armand
1264 1078 1354 1148 bona
1380 1079 1446 1149 fide

447 1185 498 1247 est
514 1178 625 1260 missa,
642 1179 722 1261 quia
736 1179 953 1248 crediderunt
977 1201 1051 1247 eam
1067 1202 1087 1248 a
1102 1178 1249 1247 Vantine
1273 1179 1448 1261 praestina·

447 1287 518 1348 tam
528 1301 601 1348 esse
611 1315 650 1323 —=
660 1301 737 1361 quae
749 1279 889 1348 omniaa
900 1280 1025 1362 Magno
1033 1280 1088 1348 illo
1097 1280 1218 1362 Ignoto
1228 1280 1292 1348 rite
1301 1281 1445 1350 fuerunt

445 1379 710 1449 administrata.”

528 1495 621 1579 “Dic‚
647 1497 753 1578 sodes
779 1497 939 1579 Godfrey,
964 1499 1023 1580 qui
1048 1498 1122 1566 haec
1145 1498 1257 1568 omnia
1278 1497 1339 1567 tibi
1369 1520 1445 1568 con-

443 1597 579 1666 stant?’'

528 1713 647 1797 “Hem,
670 1715 754 1783 satis
777 1715 886 1783 facile.
918 1717 1033 1794 Quum
1056 1721 1095 1783 tu
1119 1715 1201 1783 mihi
1227 1715 1301 1784 heri
1323 1715 1365 1784 de
1380 1717 1442 1784 Ar-

443 1813 545 1882 mand
560 1814 732 1895 narrabas,
748 1815 839 1895 scivi,
855 1824 916 1883 aut
932 1815 1016 1882 scire
1039 1836 1093 1883 me
1116 1815 1246 1897 putavi,
1273 1816 1445 1885 molimen-

443 1920 518 1981 tum
534 1914 705 1996 quoddam
727 1914 906 1982 sublatere.
929 1913 993 1983 Sed
1010 1921 1117 1982 utres
1143 1921 1234 1982 certe
1264 1921 1444 1996 constaret,

442 2020 559 2082 nostro
584 2014 712 2082 homini
736 2014 872 2082 Parisiis
885 2014 1070 2082 remulcavi
1086 2021 1127 2082 ut
1140 2015 1175 2082 in
1202 2036 1274 2082 rem
1295 2015 1444 2097 inquire

442 2121 504 2182 ret.
527 2114 652 2182 Noster
667 2113 768 2182 homo
784 2114 898 2182 statim
913 2113 1019 2182 adivit
1042 2121 1175 2196 patrem
1200 2115 1363 2196 Annand‚
1385 2116 1446 2184 ibi·

442 2236 509 2295 que
524 2214 620 2282 varia
645 2214 732 2282 scitu
756 2213 863 2296 digna
887 2214 1059 2296 comperit.
1083 2215 1199 2283 Unum
1225 2221 1310 2296 erat,
1335 2215 1443 2284 filium

442 2314 587 2383 Felicem
602 2315 753 2382 Armand
768 2314 905 2382 Parisiis
919 2336 1009 2394 esse;
1031 2315 1186 2394 alterum,
1210 2315 1343 2383 nullum
1366 2337 1444 2385 con-

441 2415 535 2483 sortii
551 2413 742 2483 membrum
760 2415 801 2483 de
817 2421 878 2482 tuo
905 2414 1076 2482 remulcali
1091 2421 1152 2483 aut
1167 2415 1208 2482 de
1225 2436 1384 2498 responso
1400 2417 1442 2485 ad

440 2514 483 2595 id,
501 2514 688 2596 quidquam
703 2515 805 2594 scire;
828 2514 980 2596 tertium,
996 2515 1128 2582 etiarnsi
1143 2516 1324 2583 remulcale
1350 2537 1442 2585 acce-

439 2615 577 2697 pissent,
591 2636 660 2682 non
676 2615 904 2682 intellecturos
918 2614 1035 2696 fuisse,
1050 2614 1210 2696 quoniam
1226 2637 1244 2682 e
1272 2613 1366 2683 libris
1376 2616 1439 2684 Ar·

440 2714 542 2783 mand
559 2715 779 2783 manifestum
790 2721 842 2783 est
854 2737 929 2783 eam
943 2736 1055 2783 arcam
1066 2714 1243 2783 aVantine
1258 2715 1439 2797 quindenis

438 2815 636 2884 francorum
650 2814 798 2884 millibus
813 2815 1045 2896 praestinatam
1061 2815 1164 2884 esse.'’

523 2914 621 2982 “Non
637 2915 737 2982 istam
748 2913 777 2982 !''
793 2914 934 2984 obverto
950 2937 1023 2996 ego.

523 3030 616 3101 “lmo
632 3032 732 3100 istam
747 3033 866 3114 ipsam.
889 3032 978 3115 Quin
991 3039 1027 3100 et
1041 3055 1081 3101 eo
1097 3033 1205 3114 pretio
1230 3033 1307 3102 vilis
1330 3033 1442 3102 existi·

438 3133 562 3201 manda
577 3139 638 3200 est.
661 3132 841 3200 Consortes
856 3133 1009 3201 Armand
1024 3133 1146 3214 utique
1162 3133 1203 3200 de
1217 3133 1337 3202 fabula
1351 3133 1440 3202 circa

438 3233 639 3401 (lblbfftsllan
664 3232 746 3301 nihil
775 3233 949 3301 sciverunt
976 3268 1015 3276 -
1039 3232 1121 3301 nihil
1137 3232 1201 3300 nisi
1216 3233 1310 3302 lucro
1325 3233 1443 3303 vendi·

523 3448 671 3531 “Capere
685 3449 785 3531 plane
800 3471 868 3517 non
891 3471 980 3530 queo
991 3449 1018 3516 l'’
1046 3449 1197 3519 balbutio
1223 3471 1297 3532 ego.
1325 3448 1437 3520 “Van-

436 3549 507 3617 tine
521 3549 591 3630 ipse
607 3549 688 3617 mihi
704 3551 819 3618 fassus
834 3557 885 3618 est
899 3571 933 3618 se
949 3549 1049 3618 istam
1076 3571 1189 3619 arcam
1215 3571 1283 3619 non
1310 3551 1440 3632 nraesti-

437 3649 567 3718 nasse.'’

444 3750 449 3770 ⁸
520 3765 612 3835 “Nec
638 3767 860 3849 praestinavit.
893 3767 958 3836 Sed
984 3767 1071 3835 alius
1096 3767 1172 3850 quis
1201 3767 1275 3837 eius
1301 3766 1436 3836 nomine

437 3865 529 3947 emit,
545 3873 580 3934 et
595 3867 638 3935 ad
654 3889 733 3935 eum
749 3867 838 3934 mitti
854 3867 982 3935 iussit.'’

519 3964 584 4034 “Et
600 3966 700 4034 solvit
716 3966 888 4047 quindena
902 3967 1100 4035 francorum
1117 3967 1220 4035 millia
1234 3987 1296 4050 pro
1311 3967 1394 4038 eal”

519 4082 683 4151 “Prorsus
694 4083 741 4151 ita
757 4119 796 4126 —
811 4090 846 4150 et
862 4083 962 4151 solvit
977 4105 1037 4164 pro
1052 4105 1093 4152 ea
1102 4083 1270 4152 consortio
1281 4083 1433 4153 Armand

435 4183 606 4266 quindena
620 4184 817 4251 francorum
839 4182 972 4251 millia.’'
