3554 5156
809 893 985 950 crunnum
1360 879 1401 950 85

400 1083 440 1132 eo
455 1067 635 1145 penetrare
658 1062 756 1147 velle,
771 1063 818 1132 mi
834 1062 956 1146 Here,’'
971 1062 1020 1133 ait
1035 1061 1144 1133 Parks
1164 1084 1278 1134 amare
1294 1064 1402 1136 subri-

401 1161 494 1232 dens.

483 1261 551 1333 “At
565 1264 649 1334 mihi
663 1287 732 1334 non
748 1271 821 1334 tam
835 1272 928 1335 certe
942 1265 1106 1347 constat,”
1120 1264 1261 1348 inquam
1272 1287 1338 1350 ego
1353 1287 1402 1336 se

400 1363 460 1446 rio,
475 1387 514 1435 ac
530 1365 741 1435 dissentiens.
765 1364 875 1449 “Quin
891 1388 956 1450 ego
971 1367 1006 1435 in
1022 1387 1063 1434 ea
1077 1387 1154 1436 sum
1169 1367 1339 1436 sententia
1360 1373 1401 1436 ut

400 1465 548 1548 aliquem
562 1488 603 1535 eo
623 1467 751 1536 intrare
776 1466 961 1536 admodum
985 1466 1147 1550 cupidum
1171 1487 1244 1536 esse
1272 1474 1401 1550 putem.

400 1564 484 1647 Quis
497 1566 552 1636 ille
567 1567 621 1648 sit,
636 1574 698 1636 aut
713 1567 796 1650 quid
809 1567 855 1636 ibi
869 1567 962 1650 velit,
976 1567 1115 1637 minime
1138 1565 1225 1648 scio;
1255 1566 1314 1636 sed
1336 1589 1402 1651 ego

399 1686 517 1735 curam
532 1666 592 1736 tibi
609 1667 784 1737 committo
799 1674 841 1737 ut
855 1689 936 1738 eum
958 1689 1084 1750 arceas,
1100 1673 1205 1750 atque
1214 1667 1248 1748 ¹si
1263 1674 1298 1737 te
1313 1674 1402 1737 teste

399 1785 440 1833 eo
455 1773 635 1848 penetrare
649 1767 744 1850 velit,
759 1789 839 1837 eum
853 1768 996 1851 capias”

483 1880 643 1953 “Confide
658 1882 744 1954 mibi
760 1885 801 1954 de
815 1907 857 1954 ea
878 1906 925 1968 re,
950 1883 997 1953 mi
1023 1883 1144 1965 Here,’'
1171 1885 1327 1968 protinus
1352 1906 1402 1955 re

399 1983 544 2064 spondet
560 1983 677 2054 Parks.
700 1983 812 2068 “Quid
827 2007 883 2054 me
897 1985 950 2054 vis
965 1984 1079 2054 facere
1089 1985 1125 2054 ?’'

484 2081 597 2153 “Ante
613 2085 705 2154 fores
720 2084 889 2155 conclavis
903 2089 1046 2154 camam¹
1062 2091 1098 2154 te
1107 2085 1279 2168 collocare,
1291 2092 1326 2154 et
1337 2086 1400 2156 hac

400 2190 499 2252 nocte
514 2184 580 2254 illic
595 2192 630 2254 te
645 2185 791 2254 domrire
805 2185 893 2256 volo.
916 2185 1001 2255 Dein
1016 2207 1091 2256 cras
1105 2186 1222 2256 videro
1248 2208 1334 2269 quas
1352 2187 1402 2256 ul·

399 2283 541 2354 teriores
555 2287 706 2357 cautelas
721 2285 902 2356 instituere
916 2285 1143 2356 necessarium
1159 2287 1309 2369 putem.”

487 2401 599 2473 “Bene
615 2410 677 2486 est,
692 2403 739 2472 mi
754 2403 875 2485 Here,''
890 2403 1076 2474 assentitur
1098 2403 1215 2474 Parks.
1241 2401 1401 2474 “Camam

401 2505 474 2576 sine
488 2525 586 2574 mora
599 2525 640 2573 eo
656 2504 838 2574 statuam.''

485 2604 585 2675 “Una
599 2603 746 2687 amplius
760 2625 815 2674 res
830 2605 1015 2687 superest,”
1029 2625 1136 2688 pergo
1151 2626 1226 2688 ego.
1252 2603 1403 2674 “Mortu-

402 2706 474 2776 ario
489 2727 567 2775 mea
592 2704 728 2789 propria
742 2703 809 2774 fide
824 2705 986 2789 spopondi
1012 2705 1183 2774 neminem
1209 2705 1405 2776 domestico

400 2828 478 2876 rum
492 2805 571 2876 hinc
587 2811 668 2874 ante
682 2805 934 2888 inquisitionem
949 2806 1078 2875 factam
1095 2805 1332 2876 discessurum.
1357 2806 1401 2876 Ni

400 2907 510 2988 fallor,
525 2904 639 2974 licebit
652 2905 716 2975 illis
730 2905 834 2975 fidere
844 2905 880 2974 ?”

484 3021 644 3105 “Licebit,
660 3022 760 3092 Here.
782 3021 878 3092 Dabo
894 3044 1032 3106 operam
1053 3028 1094 3093 ut
1119 3022 1168 3092 rei
1193 3023 1402 3106 gravitatem

400 3121 636 3207 perspiciant.”

484 3221 699 3292 “Praesertim
714 3222 874 3306 Rogers,”
896 3223 1057 3293 subiunxi
1072 3246 1152 3293 eum
1168 3224 1351 3294 contuitus.

483 3323 630 3405 “Teneo,
645 3322 691 3392 mi
707 3323 829 3404 Here,'’
845 3324 954 3393 refert
969 3323 1077 3394 Parks
1092 3325 1283 3408 tranquille.

483 3423 648 3494 “Factum
663 3430 766 3494 recte.
788 3425 890 3494 Nunc
916 3445 999 3507 ergo
1025 3423 1270 3494 descendamus
1294 3447 1403 3508 eaque

400 3523 555 3594 cubicula
569 3523 817 3595 occludamus.”

483 3624 647 3696 Cubicula
661 3645 771 3707 usque
786 3625 971 3696 luminibus
985 3625 1226 3708 splendebant;
1241 3626 1285 3697 ad
1299 3625 1401 3695 limen

399 3732 518 3794 tamen
533 3731 681 3808 uterque
695 3732 852 3794 nostrum
864 3725 1047 3807 paucillum
1057 3726 1248 3797 haesitabat.
1260 3725 1294 3796 N
1295 3747 1350 3796 am
1362 3726 1397 3795 in

399 3823 511 3896 medio
523 3825 705 3895 feretrum²
720 3825 834 3896 stabat
857 3827 892 3894 in
918 3833 1092 3896 constrato
1106 3833 1222 3909 tegete
1244 3833 1402 3909 opertum

501 4028 525 4080 1.
542 4027 591 4079 Est
603 4027 729 4088 lectulus,
741 4027 797 4089 hle,
814 4027 961 4093 portttilis.

499 4109 527 4164 Β.
548 4111 598 4164 Est
609 4111 737 4176 supellex,
748 4111 792 4163 cui
809 4111 932 4173 cadaver,
952 4116 1000 4164 aut
1021 4111 1156 4180 capulus,
1171 4112 1266 4179 inquo
1288 4112 1403 4164 cadaver

400 4201 479 4268 iacet,
493 4195 650 4262 imponitur,
664 4201 713 4248 aut
724 4211 777 4262 quo
790 4195 862 4249 idem
875 4195 904 4248 in
917 4195 1038 4250 humeris
1043 4195 1156 4264 fertur.
