3554 5156
566 917 741 974 ponamus
763 917 906 984 oumnu
931 917 1146 975 sanumron
1294 899 1357 973 1³7

354 1087 432 1170 plus
453 1085 528 1157 haec
551 1087 661 1157 recolo
688 1107 728 1156 eo
751 1085 863 1170 magis
885 1085 968 1156 mihi
993 1107 1194 1170 persuasum
1208 1091 1262 1156 est
1275 1105 1356 1156 eum

355 1187 468 1257 omnia
491 1187 526 1256 in
549 1193 762 1258 antecessum
785 1187 982 1257 minutatim
1007 1187 1252 1270 excogitavisse
1274 1183 1357 1269 quid

355 1287 438 1358 mihi
453 1287 608 1358 dicturus
623 1295 721 1358 esset.
744 1286 947 1371 Quicunque
971 1287 1182 1372 propositum
1204 1288 1239 1356 in
1262 1292 1357 1357 ante·

356 1408 488 1457 cessum
504 1387 715 1458 elaboratum
730 1393 847 1457 mente
863 1409 991 1470 serena,
1007 1387 1075 1458 acsi
1088 1387 1173 1458 nihil
1187 1407 1357 1470 praepara·

354 1495 431 1557 tum
446 1494 545 1570 esset,
561 1487 674 1557 arrirno
689 1487 820 1570 placido
843 1488 982 1570 exsequi
1004 1486 1107 1570 valet,
1130 1487 1201 1557 suis
1226 1485 1358 1557 aemuiis

357 1587 544 1657 necessario
559 1587 659 1670 longe
673 1586 854 1657 antecellit
1433 1591 1436 1598 ’

439 1685 508 1756 “Mi
523 1687 614 1757 Here
629 1686 779 1769 Lester,''
804 1687 900 1756 fatur
923 1685 987 1769 ille,
1015 1685 1079 1757 “ex
1104 1686 1225 1757 auditu
1252 1693 1354 1757 teneo

354 1793 390 1857 te
405 1787 571 1856 bonorum
586 1787 730 1870 Philippi
746 1786 894 1858 Vantine
915 1786 1224 1858 administratorem
1248 1787 1354 1858 esse.”

438 1902 626 1972 “Nostrum
641 1903 848 1974 consortium
862 1905 946 1988 est,”
962 1905 1092 1974 correxi
1107 1926 1198 1975 eum.

438 2002 524 2073 “Sed
540 2011 591 2086 tu,
606 2003 642 2073 in
656 2025 809 2088 persona,
825 2005 971 2088 negotiis
985 2005 1058 2076 eius
1072 2005 1247 2076 attendisti
1255 2004 1291 2076 ?''

438 2101 550 2174 “Vera
564 2104 761 2174 memoras.”

437 2201 546 2332 “ipse
561 2205 596 2274 ni
610 2204 719 2288 fallor,
734 2211 901 2276 veteratae
915 2205 1135 2290 supellectilis
1160 2206 1291 2277 exstitit
1304 2228 1357 2278 co-

354 2311 517 2474 aetnam
532 2404 632 2474 fuitss’

439 2519 493 2590 “N
495 2521 721 2605 ovissimoque
735 2545 798 2593 suo
812 2523 848 2592 in
862 2523 1000 2607 Europa
1023 2523 1154 2608 itinere,
1178 2523 1269 2596 unde
1292 2546 1356 2596 nu·

354 2643 415 2706 per
428 2620 600 2692 rediverat
614 2622 658 2691 ab
672 2623 825 2693 Armand
840 2631 876 2693 et
890 2623 968 2707 Fils,
982 2624 1128 2708 Parisiis,
1139 2647 1253 2696 arcam
1268 2625 1356 2697 Bou-

356 2721 387 2792 le
403 2721 646 2805 praestinavit”

439 2821 617 2906 Quendam
641 2843 780 2893 sensum
801 2825 951 2908 stuporis
974 2825 1158 2908 reprimere
1184 2825 1278 2897 haud
1298 2849 1356 2911 po

358 2929 477 2993 teram.

438 3037 588 3110 “Remne
602 3039 677 3122 agis
691 3041 843 3111 Armand
859 3048 895 3112 et
910 3042 1023 3112 mrsu
1039 3043 1194 3127 quaerito.

438 3137 608 3210 “Minime
624 3140 709 3211 Rern
723 3142 901 3212 cuiusdam
915 3150 1166 3228 matronaeago,
1177 3165 1282 3228 quam
1292 3166 1355 3230 pro

358 3261 395 3310 re
410 3247 492 3310 nata
512 3239 705 3310 Matronam
720 3241 750 3310 X
765 3243 1040 3325 appellabimus.”

438 3355 607 3440 Cogitatio
622 3357 775 3427 animum
789 3359 873 3428 mihi
889 3359 992 3430 subiit
1018 3355 1211 3433 Matronam
1226 3363 1267 3447 X,
1283 3385 1355 3447 my·

356 3456 600 3540 steriosamque
635 3459 814 3529 mulierem
844 3459 1042 3531 Francicam
1072 3483 1178 3533 unam
1207 3464 1355 3535 fortasse

359 3557 582 3641 eamdemque
608 3579 691 3628 esse.
715 3559 801 3628 Dein
812 3565 853 3628 ut
878 3559 1040 3631 absonam
1063 3563 1187 3646 respui.
1208 3561 1356 3636 Serenus

358 3656 581 3728 Homblower
595 3659 752 3729 clientem
767 3657 912 3743 idgenus
926 3682 994 3731 non
1009 3663 1186 3746 acciperet

438 3773 572 3944 “zetus
595 3775 742 3846 Vantine
767 3797 881 3846 arcam
905 3777 1070 3849 eiusmodi
1094 3802 1216 3851 revera
1240 3781 1354 3866 emit,”

354 3895 476 3958 respon
500 3897 521 3944 1.

438 3973 564 4045 “Estne
578 3997 620 4045 ea
633 3975 669 4044 in
683 3983 745 4046 tua
760 3978 969 4060 possessione
975 3979 1012 4050 ἶν’

440 4090 523 4162 “Est
545 4091 581 4161 in
605 4093 675 4162 suis
690 4091 821 4164 aedibus
845 4093 1004 4178 quaedam
1019 4117 1098 4167 arca
1112 4097 1218 4168 Boule
1234 4097 1354 4170 Parisi-

352 4190 381 4261 is
396 4192 573 4276 submissa,
589 4191 648 4262 sed
664 4193 781 4276 paucis
795 4201 875 4265 ante
891 4216 993 4266 suum
1008 4193 1184 4268 decessum
1195 4197 1287 4269 horis
1296 4221 1352 4271 me
