3536 5156
414 877 475 946 192
683 894 892 949 uvsmmuu
913 896 1020 950 Anca
1041 888 1159 951 soum

417 1061 521 1144 sortii,
548 1068 668 1144 estque
694 1062 748 1132 vir
773 1063 931 1132 omnibus
960 1064 1113 1133 numeris
1136 1063 1416 1145 absolutissimus,

417 1183 520 1244 quem
535 1184 688 1245 unquam
704 1163 786 1231 mihi
802 1164 998 1233 convenisse
1014 1164 1187 1247 contigit.''

488 1276 671 1348 “Libenter
686 1301 765 1348 eum
781 1280 1029 1362 convenirem,'’
1044 1281 1093 1350 ait
1108 1280 1260 1362 Godfrey
1274 1281 1419 1363 peculia-

416 1377 444 1445 ri
467 1379 568 1447 modo
591 1379 777 1448 subridens.
801 1378 1024 1463 “Aliquando,
1053 1381 1217 1462 fortasse3
1250 1382 1299 1449 ita
1320 1402 1419 1463 spero

413 1478 560 1560 quidem.
588 1479 734 1561 Quinam
761 1487 888 1562 autem,
914 1480 960 1549 mi
986 1481 1115 1563 Lester,
1140 1502 1290 1550 errorem
1313 1482 1418 1564 expli·

415 1577 488 1647 cuit
498 1579 530 1641 ?'’

499 1693 677 1775 “Quodam
694 1695 793 1765 modo
807 1718 921 1765 arcam
947 1696 1168 1779 impropriam
1184 1697 1333 1767 Vantine
1360 1698 1421 1766 mi-

415 1802 543 1864 serunt.
560 1796 702 1878 Propria
714 1819 790 1866 cras
804 1819 865 1878 per
876 1801 930 1866 Lo
945 1801 1115 1866 Prooence
1130 1798 1291 1867 adveniet
1300 1799 1329 1878 ;''
1341 1805 1418 1867 tum

415 1895 555 1964 recitavi
571 1903 734 1965 eventum
750 1919 792 1965 ex
807 1897 935 1979 ordine,
951 1905 992 1966 ut
1007 1897 1101 1965 Felix
1126 1897 1280 1967 Armand
1304 1921 1419 1967 narra·

413 2001 522 2064 verat.
555 1993 653 2077 “Ipse
680 1995 863 2065 admodum
886 1997 956 2067 ruit
981 1997 1023 2065 de
1045 2019 1087 2065 ca
1109 2018 1145 2065 re
1161 1998 1417 2080 conturbatus,''

414 2095 537 2164 addidi.
560 2095 763 2165 “Excusatio
778 2118 840 2165 sua
855 2097 925 2166 iuit
939 2099 1013 2165 iere
1034 2097 1292 2166 abiectissima.'’

497 2212 580 2280 Haec
594 2213 707 2281 omnia
722 2212 874 2295 Godfrey
888 2212 1135 2282 intentissimus
1145 2213 1288 2296 audivit,
1300 2214 1417 2283 rebus-

414 2333 482 2394 que
497 2313 644 2381 narratis
657 2313 788 2382 annuit.

496 2428 643 2498 “Totum
658 2429 691 2498 id
707 2451 873 2513 perquam
887 2429 1044 2511 mirum,’'
1060 2429 1175 2500 subdit
1190 2437 1231 2499 ut
1244 2431 1412 2514 interpre-

413 2535 616 2598 tamentum.
644 2527 754 2599 “Casu
778 2530 1026 2599 memoravitne
1051 2530 1155 2600 herus
1180 2531 1333 2600 Armand
1354 2531 1414 2601 ubi

413 2650 505 2698 nunc
520 2635 713 2698 moraretur
724 2630 757 2692 ?”

496 2744 595 2814 “Non
611 2746 832 2828 memoravit;
849 2745 907 2814 sed
923 2747 951 2815 si
967 2769 1046 2815 eum
1058 2746 1204 2828 reperire
1217 2747 1310 2829 velis,
1321 2746 1414 2816 haud

413 2845 478 2914 erit
493 2845 634 2914 difficile.
658 2846 697 2914 In
712 2868 781 2915 uno
797 2848 852 2915 vel
867 2848 972 2915 altero
984 2847 1248 2916 diversoriorum
1261 2847 1416 2929 grundio

413 2967 491 3014 rum
508 2981 547 2988 -
562 2953 603 3016 ut
618 2947 770 3028 suspicor
785 2946 820 3015 in
836 2945 945 3029 Plaza,
957 2953 1017 3014 aut
1029 2945 1077 3014 St.
1090 2947 1202 3029 Regis,
1212 2947 1413 3015 diversatur.

414 3046 493 3114 Leo¹
510 3067 673 3129 perquam
688 3053 749 3127 est,
766 3045 948 3127 quominus
962 3046 999 3114 in
1013 3045 1160 3115 stabulm
1174 3046 1338 3115 tenuioris
1349 3068 1417 3115 sor·

413 3147 458 3214 tis
473 3167 509 3214 se
524 3145 705 3215 divertat.”

513 3362 536 3412 1.
554 3359 621 3423 Leo,
643 3359 713 3423 -oa's,
730 3361 847 3426 sequiori
862 3360 1014 3413 Latinitate
1027 3361 1160 3414 “militem
1174 3361 1347 3427 gloriosum,”
1371 3362 1416 3414 bo

411 3443 485 3479 roem
498 3428 661 3492 putativum,
674 3428 775 3479 idolum
788 3428 1016 3489 muliercularum,
1040 3429 1197 3480 “bominem
1211 3429 1337 3490 bellum,”
1349 3435 1417 3481 tros-

411 3496 509 3553 sulum,
522 3496 651 3554 catulum,
665 3494 843 3546 catulastrum
857 3495 1004 3559 significat,
1022 3495 1068 3560 qui
1089 3502 1137 3548 aut
1154 3497 1206 3548 sibi
1218 3496 1275 3560 ipse
1298 3497 1415 3548 nimium

411 3561 515 3621 tribuit,
528 3566 576 3613 aut
590 3563 688 3626 vulgus
700 3577 761 3613 eum
775 3562 891 3622 extollit,
905 3567 953 3614 aut
966 3563 1050 3631 etiam
1062 3563 1109 3628 qui
1127 3563 1262 3629 singulari
1280 3563 1414 3616 virilitate

410 3642 504 3680 revera
517 3628 610 3692 pollet,
623 3635 655 3680 ut
667 3629 712 3680 hic
726 3629 868 3692 accipitur.

511 3713 535 3763 2.
553 3709 717 3773 Stabulum,
735 3709 767 3772 -r',
785 3712 860 3763 locus
871 3711 917 3763 ubi
931 3711 992 3777 quis
1005 3714 1074 3773 stat,
1091 3717 1221 3772 moratur,
1235 3719 1283 3764 aut
1296 3713 1411 3773 habitat,

411 3777 508 3829 saltem
521 3793 567 3841 pro
581 3783 711 3842 tempore.
728 3777 825 3830 Nescio
839 3795 919 3843 quam
934 3779 968 3830 ob
981 3794 1091 3830 causam
1106 3779 1291 3844 lexicographi
1305 3781 1415 3832 Germa-

411 3845 466 3896 nici
478 3845 609 3896 simulent
623 3845 756 3896 vocabulo
770 3845 822 3897 hoc
835 3845 1019 3896 iumentorum
1042 3845 1192 3910 (equorum,
1212 3847 1301 3906 boum,
1323 3847 1412 3898 asino·

409 3927 478 3970 rum,
490 3912 635 3972 mulorum)
649 3911 806 3964 habitacula
824 3927 879 3962 non
901 3912 1046 3976 designari,
1067 3912 1164 3963 saltem
1178 3928 1239 3964 eum
1254 3929 1363 3965 sensum
1381 3913 1414 3965 si-

409 3977 496 4030 lentio
510 3984 643 4042 premunt,
669 3994 719 4030 nec
741 3979 795 4030 nisi
820 3977 924 4030 insulas
944 3995 977 4030 ac
1002 3979 1150 4030 diversoria
1167 3979 1318 4040 homiuum,
1333 3980 1413 4032 nidos

409 4045 510 4104 avium,
524 4045 607 4096 cellas
619 4045 710 4110 apium
725 4062 756 4096 eo
769 4045 918 4109 significari
940 4045 1108 4106 insimulent,
1122 4062 1205 4111 quum
1215 4052 1307 4098 tamen
1318 4048 1346 4098 id
1356 4047 1414 4098 Vir-

409 4111 492 4177 gilius
506 4112 534 4162 in
549 4111 689 4187 Georgicis
700 4111 836 4164 adhibeat.
851 4111 909 4172 Hic,
923 4113 1025 4178 utique,
1039 4113 1072 4164 dc
1090 4114 1210 4165 humana
1231 4113 1412 4174 habitatione,

409 4179 468 4231 sive
481 4176 652 4240 diversorro,
664 4179 807 4244 accipitur.
