3554 5156
417 871 480 943 126
681 887 890 943 »nemum
910 887 1019 944 exce
1039 881 1158 944 eoum

415 1075 577 1140 sponsum
591 1063 846 1139 exspectassem,
861 1055 1012 1126 anticum
1036 1057 1196 1127 oonclave
1220 1053 1418 1139 persultevi,

415 1155 575 1239 foresque
590 1155 625 1226 in
641 1155 808 1226 ambitum
823 1155 987 1226 ducentes
999 1155 1067 1226 cito
1081 1156 1209 1240 aperui.

499 1256 607 1327 Parks
619 1263 654 1327 et
668 1255 797 1340 Rogers
806 1256 900 1339 foris,
915 1256 951 1325 in
966 1255 1108 1339 camula,
1123 1256 1159 1325 in
1173 1255 1315 1340 ambitu,
1326 1256 1419 1326 sede

415 1356 517 1439 bant;
531 1377 709 1441 nunquam
723 1362 825 1426 antea
839 1355 909 1426 vidi
923 1356 1009 1426 duos
1022 1355 1175 1427 homines
1192 1356 1277 1427 adeo
1291 1363 1419 1440 perter-

416 1455 508 1528 ritoe

499 1553 586 1627 “Per
599 1557 749 1628 Deorum
762 1556 873 1640 fidem,
889 1556 979 1627 Here
993 1557 1112 1628 Lester
1122 1557 1151 1626 !''
1173 1556 1338 1628 halitebet
1352 1556 1417 1627 Ro·

415 1677 504 1740 gers,
519 1656 578 1740 qui
592 1656 750 1727 manibus
763 1657 881 1740 gulam
896 1657 1065 1742 effingens
1086 1657 1207 1728 stabat.

499 1753 633 1826 “Herus
647 1755 842 1840 Godfreyne
856 1757 886 1826 is
899 1757 993 1828 eet?”
1008 1757 1132 1828 clamat
1145 1757 1262 1828 Parke
1283 1835 1287 1846 ,

498 1854 650 1941 “Aliquis
663 1855 783 1927 esthic
797 1856 890 1928 foris.
920 1857 974 1927 Ad
998 1879 1140 1928 manum
1164 1857 1312 1928 habesne
1337 1857 1419 1928 sclo-
1531 1935 1535 1950 ,

414 1956 552 2040 pellum,
566 1955 699 2027 Parks?

497 2053 572 2128 “Ita
585 2055 724 2139 habeo,”
736 2054 895 2140 idemque
909 2078 929 2127 e
943 2056 1076 2128 saoeulo
1089 2056 1222 2128 evulsit

497 2155 527 2226 E
539 2155 698 2227 manibus
710 2154 785 2226 eius
807 2156 843 2226 id
867 2157 985 2241 eripui,
1006 2157 1125 2240 aperui
1139 2157 1274 2240 ostium,
1291 2157 1418 2227 canoel·

414 2254 467 2325 los
480 2255 631 2338 transilii,
644 2254 810 2340 iuxtaque
824 2278 963 2328 murum
978 2256 1022 2328 ad
1036 2257 1204 2341 angulum
1218 2277 1329 2341 usque
1342 2277 1419 2341 pro-

414 2376 513 2440 repe.

498 2456 584 2526 Dein
598 2457 689 2526 omni
718 2478 796 2527 mea
820 2457 962 2528 audacia
984 2465 1134 2540 evocata,
1159 2457 1286 2528 circum
1310 2477 1417 2528 cornu

414 2555 582 2626 assultum
595 2556 723 2628 molior.

498 2655 608 2727 Nemo
622 2657 658 2726 in
672 2665 855 2742 conspectu
870 2665 945 2728 erat
953 2680 962 2740 ;
985 2658 1043 2729 sed
1058 2679 1077 2728 e
1093 2658 1241 2741 quodam
1254 2657 1327 2728 loco
1340 2679 1417 2742 pro-

413 2755 543 2841 pinquo
567 2756 752 2828 eechinnus
773 2757 954 2829 den'sorius
968 2758 1011 2829 ed
1025 2779 1127 2829 aures
1141 2780 1236 2829 meas
1248 2758 1415 2842 pervenit
