3536 5156
619 881 1095 940 quomrucoseuauuuun
1293 869 1357 940 199

353 1051 487 1122 adeam
501 1057 618 1122 nostro
632 1051 795 1123 beneficio
806 1051 1070 1136 praestinandam
1080 1051 1271 1136 permoveri
1281 1073 1356 1137 pos·

355 1159 408 1222 set
422 1188 464 1198 -
479 1172 552 1221 rem
566 1151 612 1220 illi
626 1151 853 1222 memorabo.''

441 1251 562 1336 Operae
576 1250 641 1321 illae
655 1250 744 1334 duae,
759 1251 843 1322 hero
857 1252 1011 1323 Armand
1026 1252 1294 1336 administrante,
1302 1252 1353 1322 in-

350 1354 490 1423 volucra
504 1351 546 1422 de
560 1353 668 1421 altera
682 1373 761 1422 arca
775 1352 934 1424 divellere
949 1359 1137 1436 coeperunt,
1151 1374 1260 1437 eaque
1271 1374 1351 1424 mox

351 1452 523 1524 denudata
537 1452 573 1520 in
587 1451 697 1522 medio
712 1452 834 1522 stabat.
857 1453 926 1523 Ista
950 1475 1087 1537 quoque
1110 1459 1251 1537 aspectu
1273 1475 1352 1536 gra-

351 1553 479 1624 tissima
494 1559 568 1622 erat
583 1553 743 1636 supellex,
756 1559 909 1622 attamen
924 1553 1028 1623 etiam
1053 1553 1120 1623 mei
1143 1552 1231 1623 oculi
1254 1553 1351 1622 mini·

350 1677 406 1725 me
438 1654 538 1738 periti
563 1653 651 1723 hanc
674 1655 771 1723 alteri
791 1653 912 1738 oppido
935 1655 1125 1738 sequiorem
1147 1676 1220 1725 esse
1250 1654 1350 1726 facile

350 1760 604 1839 perspexerunt.

434 1854 603 1925 “Multum
617 1876 679 1924 nos
694 1854 877 1925 delectaret
891 1855 919 1926 si
932 1855 1037 1926 herus
1051 1854 1195 1938 Morgan
1211 1877 1286 1926 eam
1301 1855 1350 1926 vi·

350 1957 429 2026 dere
458 1956 592 2038 vellet,''
622 1954 801 2025 subridens
837 1956 1019 2039 respondet
1053 1955 1158 2026 herus
1185 1956 1349 2027 Armand.

349 2056 457 2127 “Nolo
470 2055 679 2126 dissimulare
696 2077 759 2125 nos
772 2055 816 2125 de
830 2078 871 2126 eo
885 2057 953 2126 iam
967 2057 1112 2126 antehac
1126 2056 1292 2138 cogitasse
1306 2092 1349 2102 -

350 2157 426 2240 quis
441 2157 531 2226 enim
545 2156 747 2238 negotiator,
763 2177 867 2239 quam
882 2157 996 2239 aliqua
1015 2178 1053 2226 re
1075 2156 1209 2226 insolita
1232 2157 1349 2240 pulch·

349 2279 455 2340 raque
469 2256 609 2339 potitur,
624 2255 659 2325 id
674 2277 742 2325 non
758 2256 901 2326 fecerit?
923 2257 1045 2326 Enitar
1059 2263 1100 2326 ut
1114 2255 1146 2326 ei
1161 2255 1271 2326 sistar.
1295 2257 1349 2326 In·

347 2364 465 2427 terea.
481 2410 489 2425 .
505 2357 534 2425 .’'

432 2455 617 2539 “Interea'’
634 2457 810 2539 interpello
824 2478 899 2538 ego,
915 2454 1014 2526 “arca
1027 2463 1089 2526 tua
1103 2457 1186 2526 est.”

434 2557 534 2639 Tum,
558 2556 648 2626 edito
672 2557 771 2628 velut
791 2556 826 2625 in
848 2556 1118 2640 deprecationem
1140 2555 1208 2626 leni
1232 2563 1345 2640 gestu,

347 2680 433 2742 opus
455 2678 639 2740 aggressus
664 2664 716 2726 est
738 2659 881 2726 alteram
903 2678 1016 2726 arcam
1041 2657 1224 2727 involucris
1246 2678 1346 2727 novae

347 2758 507 2829 detractis
532 2760 665 2827 summa
689 2759 771 2826 cura
792 2757 984 2827 obvolvere.
1006 2757 1156 2827 Adstans
1179 2778 1248 2827 non
1273 2756 1346 2826 sine

346 2858 459 2928 dolore
476 2857 544 2927 vidi
559 2879 635 2926 eam
663 2857 834 2940 tegetibus
860 2857 936 2926 obdi
963 2856 1115 2940 rudibus,
1141 2857 1232 2941 quod
1257 2857 1345 2926 oculi

345 2959 411 3028 mei
426 2959 494 3027 iam
509 2957 591 3027 satis
614 2965 712 3026 erant
735 2957 809 3027 eius
830 2957 1021 3027 venustatis
1044 2957 1152 3040 gnari.
1175 2957 1345 3026 Praeterea

346 3080 480 3129 mecum
492 3059 618 3127 iterum
633 3057 866 3140 conquerebar
892 3057 983 3140 quod
1006 3061 1047 3127 ea
1070 3056 1214 3140 sublata,
1233 3057 1343 3127 omnis

346 3181 422 3243 spes
437 3158 534 3228 nobis
547 3179 659 3227 causae
674 3157 794 3226 mortis
807 3157 952 3240 Philippi
967 3157 1115 3228 Vantine
1140 3155 1344 3239 indagandae

344 3260 483 3329 tollitur.
506 3257 605 3327 Ratio
620 3279 696 3326 mea
712 3257 1019 3340 quomodocunque
1040 3256 1264 3340 repugnabat,
1288 3277 1344 3326 va·

344 3381 411 3442 gus
424 3381 479 3428 me
493 3358 675 3428 instinctus
688 3356 836 3440 urgebat
850 3364 891 3427 ut
905 3357 1079 3426 crederem
1102 3357 1203 3426 istam
1228 3377 1342 3426 arcam

345 3461 450 3529 Boule
465 3457 714 3541 quodammodo
728 3458 867 3526 funesto
881 3479 921 3526 eo
937 3463 1065 3526 eventu
1079 3477 1203 3526 nexam
1217 3476 1299 3525 esse.

427 3559 516 3628 Arca
541 3557 687 3640 denique
713 3563 896 3627 convasata
919 3557 1024 3639 stetit,
1047 3563 1123 3626 tum
1151 3556 1257 3626 herus
1278 3555 1340 3625 Ar-

343 3659 446 3730 mand
461 3658 504 3728 ad
519 3679 574 3727 me
588 3678 709 3727 versus
723 3679 864 3727 manum
879 3656 1032 3740 porrigit

425 3756 604 3842 “Sperabo,
617 3757 707 3827 Here
723 3757 851 3839 Lester,
866 3757 1039 3841 quondam
1059 3757 1221 3826 futurum
1242 3761 1284 3826 ut
1305 3763 1341 3826 te

341 3862 467 3930 iterum
481 3858 710 3940 conveniam‚'’
725 3859 820 3926 fatur
834 3865 906 3928 tam
927 3857 1079 3927 suaviter
1101 3862 1143 3926 ut
1166 3877 1246 3926 eum
1268 3856 1343 3926 iore

342 3960 471 4030 adulari
486 3958 568 4027 mihi
583 3966 750 4041 putarem,
765 3955 822 4026 “et
836 3959 980 4041 priscam
1002 3963 1207 4039 gratamque
1229 3955 1343 4026 amici·

341 4061 425 4130 tiam
449 4067 601 4128 nostram
623 4060 808 4127 refoveam.
830 4057 1001 4140 Siquando
1027 4056 1162 4126 Parisiis
1186 4077 1259 4125 esse
1279 4055 1342 4125 tibi

338 4160 530 4244 contigerit,
546 4180 587 4228 ea
602 4157 695 4228 dere
710 4179 766 4227 me
780 4159 958 4227 certiorem
973 4157 1087 4227 facere
1110 4177 1154 4225 ne
1175 4155 1340 4239 graveris.
