3500 5158
437 865 500 935 288
702 881 912 939 ursrunruu
933 881 1041 937 nucu
1062 875 1181 938 noune

520 1049 594 1133 Ego
608 1050 849 1120 sustentaculol
866 1049 1038 1120 haerebam
1061 1049 1143 1120 dum
1158 1051 1328 1122 clavulare
1341 1071 1442 1120 ruen-

437 1149 482 1219 do
495 1149 782 1233 persultandoque
795 1149 935 1220 orbitas²
954 1151 1261 1234 electrovagorum³
1272 1151 1339 1221 huc
1354 1156 1391 1221 et
1404 1150 1441 1220 il·

438 1252 493 1320 luc
506 1249 662 1334 nutabat,
678 1249 827 1333 dumque
841 1251 955 1320 oculos
969 1248 1119 1320 tenebris
1134 1250 1243 1322 noctis
1263 1251 1443 1333 immerge·

439 1349 517 1420 bam
533 1349 704 1432 cogitandi
719 1350 900 1420 studiosue
932 1351 1032 1420 Anne
1047 1351 1200 1434 Godfrey
1212 1372 1281 1421 non
1297 1349 1442 1421 erravit?

439 1449 486 1518 At
500 1456 592 1518 certe
605 1449 659 1519 ille
674 1471 744 1518 non
766 1449 877 1520 errat!
905 1451 1090 1521 Instinctus
1114 1451 1253 1535 quidam
1277 1450 1444 1521 naturalis

438 1549 473 1619 id
488 1549 571 1619 mihi
586 1549 768 1632 suadebat;
783 1557 820 1620 et
842 1557 957 1620 tamen
972 1550 1031 1634 qui
1045 1551 1155 1621 valuit
1170 1549 1339 1623 Crochard
1358 1573 1394 1622 se
1409 1573 1444 1621 a·

444 1649 540 1732 genti
556 1649 717 1720 Francico
745 1649 916 1721 sufficere?
945 1649 1092 1720 Ubinam
1106 1657 1180 1720 erat
1204 1651 1329 1734 Pigot?
1349 1651 1444 1722 Num

440 1748 563 1819 alicubi
577 1751 780 1820 convolutus
793 1752 952 1820 cumulus
977 1749 1108 1820 iacebat
1133 1772 1212 1822 cum
1233 1751 1385 1835 parvulis
1408 1751 1444 1820 in

441 1849 561 1919 dextra
585 1849 810 1920 vulneribus?
835 1849 907 1920 Hoc
933 1849 1006 1920 lieri
1034 1858 1126 1920 certe
1149 1873 1218 1921 non
1243 1857 1380 1935 poterat
1402 1886 1445 1897 -

441 1948 555 2031 Grady
570 1955 674 2032 atque
688 1948 878 2020 Simmonds
893 1957 1002 2020 totam
1015 1971 1194 2034 vesperam
1217 1973 1297 2021 curn
1310 1973 1351 2021 eo
1365 1972 1444 2034 ege·

440 2047 542 2118 runt!
567 2048 700 2118 Fierine
715 2049 818 2119 etiam
829 2057 942 2134 posset
956 2056 998 2120 ut
1023 2057 1126 2120 aetate
1141 2057 1325 2134 provectus
1340 2050 1444 2120 Fran·

441 2170 512 2231 cus,
527 2147 652 2230 subtili,
666 2148 810 2219 candida
823 2171 863 2219 ac
878 2171 1004 2233 rugosa
1017 2150 1098 2234 cuti,
1123 2172 1201 2220 cum
1211 2151 1301 2220 virili
1308 2153 1444 2234 soleque

441 2255 521 2318 usta
534 2269 688 2331 persona,
704 2270 807 2332 quam
822 2271 887 2332 ego
909 2255 951 2319 ut
976 2249 1122 2320 Felicem
1146 2250 1299 2320 Armand
1324 2271 1446 2334 cogno-

441 2369 569 2430 veram,
584 2347 674 2418 idem
689 2349 794 2418 esset?
810 2349 908 2419 Mens
922 2371 998 2419 mea
1009 2350 1104 2433 quasi
1115 2349 1286 2434 vertigine
1301 2349 1446 2434 gyrabat

442 2447 476 2517 id
490 2447 581 2531 quod
604 2447 677 2518 fieri
699 2448 792 2518 haud
817 2470 915 2532 posse
937 2448 1120 2520 videbatur
1145 2451 1336 2534 reputando
1357 2455 1446 2520 -et

443 2555 568 2630 tamen,
583 2548 696 2631 aliquo
710 2548 811 2618 modo
825 2550 913 2619 sensi
929 2549 1081 2634 Godfrey
1094 2571 1163 2620 non
1178 2549 1310 2621 errare!

527 2664 705 2736 Clavulare
735 2673 893 2736 nostrum
925 2667 969 2737 ad
993 2674 1122 2737 metam
1149 2666 1352 2750 perveniens
1372 2673 1446 2738 tam

444 2765 558 2835 subito
572 2765 725 2835 constitit
746 2771 787 2835 ut
801 2787 866 2848 ego
881 2766 1088 2837 convectori⁴
1111 2766 1269 2849 illideret,
1283 2766 1447 2838 subsidiu-

443 2865 483 2934 rii
499 2870 616 2934 autem
629 2865 723 2934 foras
738 2873 939 2948 proruentes
950 2887 1006 2936 me
1027 2887 1143 2937 secum
1164 2873 1334 2950 raperent
1356 2867 1447 2937 Ante

443 2966 536 3035 fores
565 2965 779 3047 Argentariae
812 2965 1147 3037 Diumo-Noctumae
1172 2965 1358 3054 stabamus,
1387 2967 1448 3038 ubi

444 3065 578 3135 lictores
597 3065 693 3135 iussu
709 3065 824 3148 Grady
838 3065 1020 3136 aedificium
1035 3067 1343 3138 circumfuderunt

527 3165 684 3236 Alterum
699 3166 870 3236 clavulare
895 3166 964 3236 iam
978 3173 1058 3238 ante
1081 3168 1174 3238 iores
1188 3166 1311 3251 stabat,
1328 3167 1448 3252 auriga

547 3417 570 3469 1.
589 3415 841 3480 Sueteotomelum,
858 3417 904 3481 -ii,
921 3425 963 3473 eet
976 3421 1096 3487 capulus,
1114 3421 1144 3474 in
1156 3420 1282 3488 ingressu
1293 3421 1448 3484 clavularis

446 3499 591 3553 cuiuslibet
604 3499 717 3553 alterius
729 3500 858 3562 vehiculi,
880 3516 963 3566 quem
975 3503 1004 3556 in
1018 3503 1104 3570 gradu
1121 3509 1236 3566 etanoee,
1258 3510 1306 3558 eut
1323 3520 1452 3559 conscen-

446 3583 549 3644 dentes,
563 3599 647 3637 manu
659 3585 840 3650 prehendunt,
854 3601 890 3638 ne
903 3585 1050 3642 elidantur.

545 3669 570 3720 2.
594 3665 708 3732 Orbita,
724 3684 772 3722 aa:
785 3671 894 3736 proprie
905 3671 1054 3738 vestigium
1071 3677 1195 3725 rotarum
1206 3672 1237 3726 in
1249 3673 1369 3739 pulvere,
1381 3673 1449 3734 luto.

446 3751 491 3804 vel
505 3751 582 3804 molli
595 3757 681 3814 terra3
699 3753 744 3806 hic
756 3754 877 3820 longurii
888 3755 980 3817 ferrei,
993 3755 1052 3808 eive
1068 3755 1197 3818 fernovio,
1215 3755 1259 3810 cui
1276 3762 1344 3811 rotae
1360 3761 1451 3811 vecta-

447 3833 573 3888 bulorum
585 3834 727 3889 insistunt.

547 3917 573 3970 ³.
593 3916 826 3987 Electrooooum,
844 3918 875 3983 -ἰ,
891 3927 956 3974 eunt
967 3921 1112 3976 vectabula
1124 3922 1153 3975 vi
1171 3921 1300 3976 electrica
1315 3929 1386 3986 acte,
1403 3939 1451 3977 un·

449 4001 482 4055 de
495 4005 523 4055 et
537 3999 666 4056 Germani
678 4015 759 4057 suum
772 4019 882 4072 wopan,
900 4003 1038 4073 (capum),
1054 4005 1121 4060 binc
1133 4005 1257 4061 vicissim
1274 4005 1358 4076 Angli
1371 4022 1451 4062 cuum

448 4099 553 4154 wopon
565 4085 797 4154 deprompserunt.

550 4171 575 4224 4.
596 4167 762 4237 Gonoeotor,
778 4170 827 4237 ab,
843 4173 934 4229 maim
944 4173 1062 4230 ltinerlr.
