3554 5156
426 885 490 954 114
688 899 898 954 uvsrannru
919 899 1027 953 nucu
1049 891 1167 953 soum

423 1069 478 1138 ius
506 1067 735 1139 collocutionis
763 1089 867 1138 causa
895 1067 1149 1138 adsciscendum
1185 1065 1424 1136 existimarem.

424 1167 618 1240 Praesertim
652 1191 760 1252 quum
788 1168 1035 1238 suscitabulum
1065 1167 1275 1250 predonum
1305 1187 1426 1236 sonare

425 1267 614 1351 coepieset''

509 1382 782 1455 “Suscitabulum
797 1383 1048 1468 praedonium?”
1063 1384 1130 1453 cito
1145 1384 1313 1454 exclamat
1338 1381 1426 1454 God-

424 1485 512 1568 frey.
535 1483 646 1569 “Quid
661 1485 711 1555 ais
719 1485 756 1555 ?''

509 1615 706 1688 “Habemus
720 1617 810 1688 enim
833 1619 869 1688 in
891 1619 1052 1689 fenestris
1075 1616 1283 1688 suscitabula
1307 1624 1426 1687 contra

426 1717 612 1802 praedones.
635 1716 673 1790 ld
689 1718 826 1803 quidem
839 1719 989 1788 interdiu
1011 1725 1167 1788 avertere
1191 1719 1347 1799 solemus,
1368 1718 1427 1786 ho-

426 1818 480 1889 die
495 1825 611 1888 tamen
626 1819 734 1888 satius
748 1819 829 1888 duxi
844 1819 1028 1888 adversum
1045 1840 1192 1901 servare,
1217 1818 1334 1901 itaque
1358 1840 1427 1886 me

426 1918 481 1989 dio
495 1919 747 2002 postmeridiem
763 1941 882 1989 revera
898 1919 1021 1989 tinniit.
1044 1919 1197 1987 Primum
1212 1918 1359 2001 aliquem
1370 1917 1427 1987 do·

426 2019 643 2090 mesticorum
657 2020 845 2089 fenestram
859 2020 990 2102 aperire
1014 2026 1147 2088 tentare
1171 2018 1345 2101 putabam,
1366 2017 1426 2088 sed

426 2119 540 2190 nullus
565 2119 600 2190 id
623 2121 814 2190 temeravit.
837 2120 937 2189 Certe
952 2126 1037 2203 puto
1051 2118 1177 2202 aliquid
1193 2119 1336 2189 infausti
1350 2139 1428 2189 eve-

426 2220 546 2290 msse.”

511 2335 695 2408 “Visumne
708 2337 801 2406 ivisti
815 2338 1003 2408 fenestram
1009 2336 1046 2407 ‘l”
1060 2357 1178 2419 quaero
1193 2357 1235 2405 ex
1250 2357 1301 2406 eo.

510 2469 582 2540 “lvi
596 2471 709 2540 visum
724 2470 900 2554 equidem;
922 2492 1002 2539 nam
1018 2476 1054 2538 et
1068 2469 1165 2539 lictor
1187 2469 1327 2539 advenit
1351 2470 1427 2540 scis·

426 2571 569 2641 citatum
584 2571 667 2655 quid
688 2572 871 2653 accidisset,
884 2579 919 2640 et
934 2592 1004 2640 una
1018 2570 1235 2640 circuivimus
1258 2572 1427 2640 fenestras

426 2673 650 2755 exploratum,
666 2670 725 2740 sed
741 2672 872 2741 clausas
887 2692 1006 2740 omnes
1021 2670 1217 2754 reperimus.
1240 2670 1324 2740 Inde
1344 2691 1427 2754 quo-

426 2771 606 2842 dammodo
620 2772 839 2841 meticulosus
854 2772 1029 2854 paululum
1045 2772 1159 2840 factus
1173 2771 1280 2840 sum.''

511 2887 785 2959 “Suscitabulum
800 2909 953 2971 usquene
969 2887 1171 2970 operaturl'’

510 3003 609 3075 “Non
623 3013 801 3089 operatur;
822 3005 920 3075 lictor
932 3025 988 3073 me
1011 3002 1154 3073 docebat
1174 3003 1426 3075 circinationem

426 3105 549 3176 alicubi
563 3113 701 3188 ruptam
714 3127 797 3188 esse,
813 3127 916 3188 seque
929 3103 1054 3185 fabros,
1077 3104 1137 3187 qui
1160 3110 1363 3187 apparatum
1378 3103 1426 3173 in-

425 3205 620 3376 {affirm
636 3207 804 3288 extemplo
819 3205 1037 3285 edocturum;
1063 3202 1122 3272 sed
1136 3203 1303 3272 hactenus
1325 3225 1425 3273 nemo

509 3437 643 3508 “Satius
666 3439 812 3509 arbitror
835 3445 876 3507 ut
898 3438 962 3522 ipsi
985 3439 1154 3508 fenestras
1179 3437 1425 3520 exploremus,”

425 3537 547 3608 suadet
562 3539 722 3622 Godfrey.
745 3538 830 3619 “Tu,
854 3539 971 3621 Parks,
996 3537 1049 3608 hic
1074 3537 1236 3608 manebis.
1273 3537 1345 3607 Nos
1368 3558 1426 3607 eas

424 3639 487 3723 ipsi
504 3641 730 3722 reperiemus,
751 3640 829 3709 nolo
844 3639 969 3708 ostium
984 3640 1037 3709 vel
1061 3660 1123 3722 pro
1144 3643 1318 3706 momento
1341 3645 1425 3707 tem-

425 3739 516 3822 poris
532 3739 604 3809 sine
618 3740 772 3809 custodia
787 3739 963 3822 relinqui.’'

508 3872 581 3942 Nos
603 3873 739 3942 interim
765 3893 869 3941 unam
892 3873 1080 3940 fenestram
1104 3879 1180 3954 post
1203 3873 1346 3941 alteram
1369 3893 1425 3939 ex-

424 3973 641 4055 ploravimus,
657 3972 814 4055 quocirca
827 3971 1053 4040 minutissima
1067 3993 1159 4054 cura,
1181 3993 1250 4054 qua
1273 3970 1425 4054 Godfrey

424 4073 559 4156 singula
572 4073 774 4155 inspexerat,
791 4093 846 4142 me
861 4079 999 4155 stupore
1014 4071 1158 4154 perculit
1166 4093 1174 4153 ;
1190 4093 1271 4140 nam
1284 4092 1329 4140 ne
1339 4091 1426 4142 som·

426 4171 522 4242 niare
537 4172 675 4257 quidem
690 4172 847 4243 valebam
869 4193 1018 4255 quonam
1042 4171 1109 4241 ista
1133 4171 1296 4242 sedulitas
1319 4169 1423 4242 tende
