3536 5156
420 897 482 966 180
681 911 889 966 nussumun
909 912 1016 966 ΑΜ
1037 905 1155 968 BOULE

418 1101 523 1161 quam
546 1079 649 1150 herus
663 1079 810 1150 Vantine
832 1079 1100 1163 praestinaverat‚
1122 1079 1157 1148 in
1184 1081 1417 1164 promptuario

416 1187 533 1250 nostro
548 1186 600 1248 est
621 1181 747 1262 relicta,
763 1180 808 1250 illi
824 1188 941 1250 autern
966 1181 1040 1250 haec
1065 1181 1131 1250 alia
1155 1187 1207 1250 est
1232 1187 1417 1250 convasata

416 1301 455 1349 ac
470 1280 642 1363 permissa.
663 1282 749 1349 Rem
764 1280 985 1351 severissimae
1008 1281 1159 1363 indagini
1182 1281 1416 1350 subiecimus.”

502 1379 615 1463 “Ergo
630 1402 709 1450 arca
724 1380 798 1450 heri
811 1380 960 1450 Vantine
975 1402 1085 1463 usque
1100 1379 1237 1449 Parisiis
1251 1380 1349 1450 est?”

502 1495 600 1566 “Non
617 1503 679 1579 est,
695 1497 785 1567 Here
801 1498 938 1579 Lester;
955 1519 1103 1567 errorem
1114 1497 1182 1566 iam
1193 1503 1273 1566 ante
1287 1497 1417 1579 aliquot

417 1595 489 1666 dies
503 1597 711 1679 rescivimus
728 1598 868 1681 proinde
883 1619 1006 1679 arcam,
1022 1619 1100 1680 quae
1109 1598 1184 1666 heri
1194 1596 1342 1666 Vantine
1354 1604 1416 1678 est,

416 1695 530 1766 adme
550 1697 616 1766 huc
640 1697 816 1767 miserunt.
838 1698 967 1767 Eadem
993 1700 1145 1780 proximo
1168 1698 1222 1766 die
1248 1697 1416 1778 Mercurii,

417 1816 479 1878 per
493 1799 548 1866 La
563 1800 734 1866 Prooeoce
747 1797 814 1866 huc
831 1797 1017 1879 perveniet.
1051 1799 1126 1880 lpse
1151 1819 1217 1879 ego
1241 1819 1317 1866 eam
1331 1797 1418 1866 exci-

418 1896 519 1978 piam,
533 1896 684 1979 heroque
699 1896 847 1966 Vantine
863 1897 1011 1966 sistam.”

501 1994 634 2066 “Herus
649 1997 796 2067 Vantine
811 2005 969 2066 mortuus
983 1997 1066 2079 est‚'’
1082 1997 1185 2066 doceo
1197 2019 1286 2067 eum.
1302 1995 1417 2066 “Num

419 2094 453 2164 id
468 2096 606 2165 nescisti
617 2096 654 2165 ?”

500 2196 729 2279 Aliquamdiu,
744 2196 812 2266 acsi
826 2219 895 2266 non
911 2205 1056 2281 caperet,
1072 2205 1214 2281 stupens
1228 2198 1377 2267 sedebat.

501 2293 669 2366 “Rectene
685 2304 719 2366 te
735 2297 883 2367 intellexi
913 2297 1035 2367 herum
1064 2297 1210 2367 Vantine
1239 2304 1415 2367 mortuum

417 2415 491 2464 esse
505 2394 629 2466 dixisse
637 2396 673 2466 l”
689 2396 909 2467 balbutiebat.
954 2463 956 2468 ,

500 2511 675 2594 Quantum
690 2513 733 2582 de
749 2513 837 2582 tristi
854 2520 981 2582 eventu
997 2514 1079 2582 scivi
1105 2513 1135 2583 ei
1161 2513 1310 2597 narravi,
1332 2514 1415 2583 dum

418 2610 488 2693 ipse
502 2633 558 2681 me
574 2613 670 2694 quasi
686 2615 902 2696 stupefactus
917 2614 1122 2696 aspectabat.

500 2725 646 2797 “Mirum
663 2730 745 2810 est,'’
762 2729 901 2813 inquam
923 2728 979 2798 “te
994 2729 1078 2799 nihil
1093 2753 1138 2800 ex
1151 2729 1203 2798 his
1226 2729 1261 2798 in
1284 2729 1415 2800 diurnis

416 2849 457 2896 ea
472 2849 508 2897 re
524 2829 734 2900 scatentibus
748 2829 904 2898 vidisse.'’

500 2943 575 3014 “Ad
590 2945 715 3014 amicos
730 2945 915 3014 visitandos
931 2945 1067 3026 Quebec
1078 2945 1207 3029 abfui,”
1218 2945 1415 3032 explicabat,

418 3042 608 3114 “Nuntium
624 3045 746 3114 domds
760 3053 885 3114 nostrae
900 3068 955 3114 me
970 3045 1038 3114 huc
1053 3047 1208 3115 conferre
1219 3047 1340 3115 iubens
1350 3047 1415 3115 illic

417 3143 499 3213 mihi
513 3144 686 3214 redditum
701 3152 762 3215 est.
796 3146 889 3214 lllinc
904 3146 975 3215 sine
989 3167 1086 3215 mora
1100 3147 1192 3214 viam
1206 3145 1273 3215 huc
1288 3146 1416 3228 ingres-

415 3265 474 3312 sus
486 3265 573 3326 sum,
588 3244 711 3328 dieque
727 3243 864 3314 Saturni
877 3245 932 3315 hic
949 3245 1098 3326 perveni.
1115 3246 1146 3315 A
1160 3245 1305 3314 statione
1321 3249 1415 3315 recta

415 3343 483 3414 huc
497 3351 617 3414 vectus
631 3366 723 3428 aegre
737 3346 846 3428 reperi
862 3352 897 3414 te
911 3345 1060 3415 abesse.”

498 3458 624 3530 “Doleo
639 3469 736 3531 tanto
751 3461 812 3531 tibi
828 3462 1040 3531 incommodo
1055 3463 1194 3545 fuisse,”
1221 3463 1290 3532 dixi
1306 3464 1342 3531 in
1357 3485 1413 3532 ex-

414 3559 633 3630 cusationem.

502 3673 580 3758 “As
590 3676 638 3745 mi
650 3676 739 3745 Here
749 3677 877 3758 Lester‚
892 3684 1048 3746 nostrum
1059 3685 1110 3746 est
1119 3678 1331 3749 incommoda
1341 3681 1418 3750 sun

414 3774 496 3857 ire,'’
521 3776 714 3846 obtestatur
732 3777 812 3858 ipse.
835 3776 1006 3846 “Tantum
1022 3798 1171 3846 errorem
1187 3778 1333 3848 dedecus
1348 3779 1414 3849 exi·

416 3875 604 3945 stimamus.
617 3875 719 3945 Pater
729 3898 826 3944 meus
834 3897 875 3944 ex
884 3875 1068 3958 antiquiori
1079 3899 1205 3958 genere
1231 3877 1413 3948 admodum

414 3974 458 4043 ob
471 3975 505 4044 id
521 3974 743 4058 perturbatus
758 3984 818 4044 est.
841 3975 970 4045 Verum
990 3998 1083 4045 mors
1097 3977 1163 4046 ista
1177 3977 1251 4046 heri
1265 3978 1412 4049 Vantine

414 4109 455 4118 —
470 4074 704 4144 molestissime
719 4097 774 4143 me
789 4074 902 4144 afficit.
924 4075 1022 4158 Saepe
1036 4098 1180 4145 numero
1195 4099 1274 4146 eum
1288 4099 1410 4148 conve-

412 4173 457 4244 ni.
480 4175 555 4260 lpse
569 4195 674 4244 verus
688 4195 804 4244 rerum
819 4175 1004 4246 aestimator
1019 4175 1088 4244 fuit
1109 4211 1151 4221 —
1176 4176 1211 4246 in
1236 4199 1277 4246 eo
1302 4185 1413 4261 patro-
