3502 5158
436 894 476 960 14
697 905 905 960 ursmarum
926 905 1033 958 auom
1056 899 1174 958 Boura

434 1073 650 1144 decurionem
675 1078 851 1156 agentum
869 1095 888 1142 e
903 1072 1072 1142 declarato
1087 1071 1250 1155 Mysterio
1265 1072 1436 1142 Maratho-

435 1173 510 1243 nico
525 1195 742 1257 agnoveram.
764 1174 796 1242 A
810 1180 909 1256 tergo
923 1173 996 1242 eius
1011 1172 1125 1242 stabat
1149 1171 1333 1254 Inquisitor
1347 1172 1435 1241 Mor·

434 1273 576 1356 tuarius,
593 1273 811 1356 Goldberger,
827 1294 930 1355 quem
945 1273 1013 1341 iam
1028 1273 1109 1341 alias
1125 1272 1176 1341 bis
1189 1293 1434 1355 conveneram;

436 1373 558 1443 tertius
573 1381 700 1454 autem,
716 1373 774 1456 qui
790 1374 889 1442 vultu
912 1372 1143 1456 quaerebundo
1158 1372 1193 1440 in
1209 1393 1263 1441 me
1279 1371 1436 1442 renidens

434 1473 593 1556 intrabat,
608 1473 676 1542 fuit
691 1473 833 1542 Iacobus
848 1471 1008 1555 Godfrey,
1029 1471 1171 1556 genialis
1185 1473 1310 1541 relator
1323 1471 1436 1542 diurni

435 1574 577 1643 Record.
615 1571 769 1655 Denique
793 1579 937 1655 quartus
959 1572 1056 1641 lictor
1080 1579 1153 1641 erat
1169 1571 1360 1654 paludatus,
1375 1573 1435 1655 qui

434 1672 529 1741 iussu
545 1671 737 1742 Simmonds
751 1672 794 1741 ad
809 1672 934 1741 ostium
948 1680 1063 1742 custos
1078 1671 1237 1740 constitit.

519 1771 602 1853 “Ita,
618 1773 770 1852 revera,”
793 1772 904 1854 inquit
927 1771 1077 1853 Godirey
1108 1777 1148 1840 ut
1177 1792 1300 1841 manus
1329 1772 1437 1841 tendi-

435 1893 521 1953 mus,
536 1870 637 1941 “casu
652 1893 731 1941 cum
746 1870 938 1941 Simmonds
953 1871 1176 1954 colloquebar,
1193 1892 1300 1954 quum
1326 1871 1435 1941 accitu

435 1971 663 2040 evocabamur
678 1978 749 2053 tuo,
765 1993 804 2040 ac
819 1971 943 2040 satium
958 1970 1040 2040 duxi
1055 1971 1126 2052 ipse
1148 1992 1285 2053 quoque
1300 1972 1437 2040 adveni·

438 2091 484 2139 re.
508 2069 679 2153 Quidnam
696 2070 744 2140 rei
759 2079 810 2140 est
817 2071 852 2140 2²⁹⁹

519 2169 640 2240 “Haud
656 2171 733 2254 plus
748 2171 897 2252 suicidio,
912 2171 948 2239 ni
962 2169 1091 2252 fallor,’'
1114 2169 1330 2252 reseravique
1345 2170 1437 2240 iores

435 2270 470 2338 in
484 2271 643 2340 conclave
658 2270 832 2352 ducentes,
848 2270 907 2340 ubi
922 2270 1068 2339 cadaver
1083 2270 1223 2340 iacebat.

521 2368 721 2452 Simmonds,
738 2369 955 2453 Goldberger,
976 2369 1195 2453 Godfreyque
1210 2371 1436 2440 intraverunt.

436 2469 512 2552 Ego
527 2477 666 2540 secutus
679 2471 772 2540 iores
786 2471 900 2540 clausi.

520 2568 633 2638 “Nihil
648 2569 701 2639 hic
719 2571 895 2640 turbatum
923 2571 1005 2651 est,”
1029 2592 1149 2640 moneo
1165 2592 1231 2640 eos.
1263 2569 1438 2641 “Cadaver

434 2691 535 2738 nemo
550 2671 803 2739 contrectavit.'’

518 2768 709 2840 Simmonds
734 2779 823 2840 nutu
849 2771 1016 2853 probavit,
1040 2793 1078 2840 ac
1102 2770 1379 2852 speculabundus
1402 2771 1436 2838 in

436 2869 586 2938 conclavi
600 2869 858 2952 circumspexit;
881 2871 939 2939 sed
955 2871 1041 2940 oculi
1057 2870 1218 2952 Godfrey,
1234 2877 1273 2940 ut
1288 2871 1440 2939 animad-

435 2968 533 3049 verti,
548 2970 584 3036 in
600 2970 735 3038 vultum
751 2969 924 3039 cadaveris
939 2977 1037 3039 erant
1052 2970 1161 3039 defixi.
1179 2969 1387 3053 Goldberger
1401 2991 1437 3039 se

435 3067 470 3137 in
495 3089 610 3150 genua
639 3068 772 3138 demisit
798 3070 894 3138 iuxta
916 3091 1039 3154 corpus
1062 3071 1199 3152 mortui,
1225 3068 1437 3152 inspectabat

436 3167 559 3248 oculos,
574 3175 609 3238 et
625 3168 741 3252 digitis
754 3191 895 3252 carpum
911 3170 1036 3239 mortui
1052 3171 1179 3239 laevum
1195 3170 1364 3253 palpabat.
1396 3169 1436 3238 ln

436 3265 539 3349 pedes
565 3276 709 3350 erectus,
735 3276 829 3338 stans
855 3270 1029 3351 spectabat
1052 3271 1208 3350 cadaver,
1231 3291 1296 3352 ego
1320 3275 1437 3340 autem

437 3367 550 3436 oculos
579 3367 654 3437 eius
684 3369 874 3450 comitatus,
904 3370 1007 3438 situm
1037 3369 1211 3440 cadaveris
1246 3369 1439 3439 accuratius

437 3464 615 3535 observavi
640 3489 744 3550 quarn
770 3469 878 3551 primo
902 3469 1079 3572 stringon’s
1103 3469 1278 3540 cadaveris
1306 3467 1439 3538 inventi

437 3573 620 3635 momento.

521 3664 657 3736 lacebat
672 3675 789 3737 autem
804 3667 950 3738 cadaver
961 3668 996 3739 in
1019 3671 1124 3739 latere
1135 3671 1265 3751 dextro,
1280 3667 1439 3751 semipro

437 3785 531 3846 num,
547 3765 669 3835 dextro
685 3767 821 3838 brachio
847 3770 912 3839 sub
938 3791 973 3838 se
995 3769 1092 3853 flexo,
1109 3771 1185 3840 leva
1199 3777 1317 3839 autem
1332 3789 1438 3836 manu

437 3863 471 3932 in
486 3865 650 3948 tabulato,
667 3889 770 3950 supra
784 3876 897 3951 eaput,
923 3868 958 3937 in
981 3891 1138 3952 pugnum
1161 3869 1288 3939 stricta.
1318 3867 1440 3938 Genua

537 4099 560 4150 1.
578 4095 707 4162 Apenas
738 4102 802 4148 sunt
816 4095 1026 4163 speculatores,
1043 4097 1087 4150 vel
1113 4096 1235 4160 cumbet,
1264 4114 1377 4165 quorum
1396 4105 1438 4152 est

436 4185 540 4231 secreta
559 4179 707 4232 malefacta
721 4179 858 4246 indagare,
871 4186 994 4246 retegere
1007 4185 1090 4246 atque
1104 4183 1283 4247 compescere.
