3502 5158
582 903 704 958 curor
725 901 872 956 oPERAM
893 901 1057 956 courum
1274 880 1317 952 47

324 1079 540 1150 automaton;
562 1072 641 1142 inde
656 1071 779 1142 tussire
794 1094 833 1142 ac
848 1077 997 1154 mutare,
1019 1067 1210 1140 beneficum
1235 1065 1321 1136 calo-

323 1195 396 1243 rem
411 1173 601 1256 percipere;
622 1180 699 1242 tum
714 1171 839 1242 iterum
854 1171 999 1255 amplius
1014 1169 1092 1240 bibi.
1123 1169 1246 1239 Postea
1260 1167 1322 1236 ite·

324 1295 401 1343 rum
416 1273 486 1342 vidi
499 1273 651 1356 Godirey
664 1272 748 1342 mihi
762 1272 995 1342 imminentem
1010 1278 1110 1342 stare.

407 1371 593 1444 “Meliusne
608 1395 699 1444 nunc
714 1380 750 1444 te
765 1373 871 1444 habes
878 1373 915 1442 ?”
931 1371 1175 1443 sciscitabatur.

406 1474 505 1544 Nutu
520 1474 640 1558 capitis
654 1474 820 1558 respondi.

407 1590 501 1662 “Nec
515 1591 620 1662 miror
633 1599 668 1662 te
683 1614 756 1662 esse
770 1613 952 1663 excussum
978 1598 1076 1662 tanto
1100 1585 1319 1669 infortunio‚”

323 1691 447 1776 pergit,
473 1691 529 1763 “et
553 1714 619 1776 ego
643 1714 736 1776 aegre
759 1692 904 1777 pedibus
918 1699 981 1764 sto.
1017 1690 1158 1762 interim
1172 1687 1322 1758 famulos

323 1793 492 1864 medicum
506 1793 654 1864 Vantine
669 1815 840 1864 accersere
855 1794 992 1864 iussi-
1006 1793 1065 1864 sed
1080 1791 1135 1862 ille
1148 1789 1231 1860 nihil
1246 1809 1321 1872 pro-

323 1894 419 1965 desse
433 1893 593 1978 potefitss’

406 1992 603 2065 “Reverane
617 1995 689 2080 ipse
703 2002 863 2066 mortuus
888 2005 940 2066 est
949 1995 986 2066 ?”
1013 2015 1129 2079 quaero
1153 2011 1319 2071 mussans,

323 2095 428 2165 oculis
441 2095 525 2165 meis
540 2117 643 2179 super
657 2103 868 2167 contractam
883 2119 922 2167 ac
937 2102 1143 2180 prostratam
1160 2115 1233 2162 rem
1249 2091 1321 2175 qui·

322 2194 523 2278 escentibus,
539 2217 618 2279 quae
632 2198 746 2281 paullo
760 2205 840 2268 ante
862 2197 1038 2282 Philippus
1063 2201 1138 2265 erat
1162 2193 1319 2264 Vantine.

405 2311 571 2383 “Prorsus
584 2313 633 2384 ita
647 2314 700 2384 uti
713 2314 768 2385 ille
787 2315 904 2386 alter.''

404 2413 495 2484 Tum
509 2414 598 2498 coepi
611 2415 803 2486 meminisse
815 2438 824 2500 ;
857 2415 1024 2500 prehenso
1038 2415 1146 2498 igitur
1159 2412 1233 2482 eius
1247 2410 1321 2480 bra-

322 2513 406 2597 chio,
422 2536 501 2584 eum
516 2514 559 2584 ad
574 2537 629 2585 me
645 2515 786 2586 detraxi.

406 2612 578 2698 “Godrrey
592 2616 670 2698 mi‚'’
686 2637 825 2686 susurro
840 2617 881 2700 ei,
898 2614 1096 2687 “cuiusnam
1110 2637 1179 2684 vox
1188 2613 1322 2683 illatuit

323 2751 364 2761 -
379 2721 441 2785 aut
455 2715 665 2785 somniavine
680 2753 721 2763 -
736 2717 779 2788 de
793 2718 942 2801 quadarn
956 2717 1097 2786 muliere
1107 2715 1143 2786 ?”

406 2831 504 2902 “Non
520 2832 730 2904 somniavisti
745 2871 786 2880 -
802 2835 831 2905 is
846 2835 977 2918 Rogers
994 2835 1065 2904 fuit
1088 2869 1130 2880 -
1155 2833 1227 2916 ipse
1247 2834 1322 2902 iere

321 2932 455 3003 insanit.
486 2932 719 3017 Simulatque
743 2935 837 3006 adse
852 2935 1023 3018 rediverit,
1048 2934 1224 3005 historiam
1249 2933 1323 3003 eius

321 3033 523 3102 eliciemus.'’

404 3149 544 3220 Interim
559 3150 681 3234 aliquis
694 3173 775 3222 eum
798 3175 903 3237 prope
918 3153 962 3224 ad
977 3153 1115 3223 ianuam
1138 3151 1320 3233 sevocavit,

320 3250 403 3320 dum
418 3271 483 3333 ego
497 3250 589 3320 solus
603 3251 750 3335 relictus,
766 3254 870 3323 oculis
884 3255 919 3323 in
934 3254 1027 3324 inani
1049 3253 1210 3336 vagabar.
1227 3253 1322 3321 Fuit·

320 3371 364 3419 ne
379 3371 461 3434 ergo
476 3349 598 3420 mulier
611 3351 647 3421 in
662 3351 770 3422 vitam
786 3353 934 3424 Vantine
949 3354 1117 3438 implexa!
1138 3355 1189 3423 Ea
1198 3354 1322 3422 fortas-

321 3473 357 3520 se
372 3451 407 3520 in
422 3473 526 3521 causa
539 3452 608 3521 ruit
624 3474 729 3536 quare
755 3475 899 3524 uxorem
924 3477 992 3524 non
1017 3456 1178 3526 duxisset.
1216 3455 1321 3524 Miror

320 3573 398 3635 quae
411 3551 508 3622 foeda
521 3573 646 3622 arcana
659 3553 695 3622 in
710 3554 820 3624 lucem
834 3556 1074 3638 protractanda
1089 3556 1175 3625 sinti

402 3669 533 3738 Verum
548 3669 576 3739 si
590 3670 712 3740 mulier
722 3671 882 3743 occiderit
892 3673 1051 3755 Vantine,
1062 3673 1204 3744 eandem
1212 3674 1320 3757 ipsam

319 3791 456 3839 necesse
471 3775 523 3839 est
537 3775 573 3839 et
587 3769 757 3841 d'Aureile
773 3773 941 3844 occidisse.
954 3774 1102 3845 Ubinam
1116 3774 1189 3858 ipsa
1203 3774 1320 3845 latuit?

319 3869 349 3939 Ε
364 3868 568 3953 quibusnam
581 3871 712 3941 insidiis
725 3872 831 3942 ictum
845 3874 987 3945 intulit?

402 3985 632 4070 circumspexi
657 3989 827 4074 conclave,
841 3997 882 4060 ut
896 4000 1024 4062 tremor
1046 4015 1101 4063 me
1126 3995 1319 4068 incesserat.

319 4085 488 4169 Trepidus
502 4089 633 4158 surrexi
649 4089 691 4160 de
707 4089 796 4173 sella,
808 4091 1015 4176 palpansque
1026 4095 1070 4164 ad
1083 4095 1176 4166 iores
1186 4097 1319 4167 accessi.

319 4185 470 4270 Godirey
484 4208 539 4258 me
553 4190 750 4260 venientem
764 4191 907 4276 audivit,
921 4193 1154 4266 circumvertit
1175 4217 1221 4279 se,
1245 4198 1320 4268 vul·
