3502 5158
683 1851 833 1924 CAPUT
854 1853 935 1924 VIII

728 2038 887 2110 Couleloe.

392 2221 447 2291 ΑΤ
467 2237 543 2290 NON
564 2220 740 2305 apoplexia
755 2242 834 2290 eum
848 2221 1043 2305 prostravit.
1069 2219 1187 2304 Parks‚
1202 2243 1310 2305 quum

307 2341 417 2403 pauca
429 2327 603 2390 momenta
617 2327 694 2404 post
708 2342 788 2390 cum
812 2321 933 2404 poculo
948 2342 1049 2404 aquae
1073 2319 1254 2405 phialaque
1275 2322 1310 2394 in

308 2421 417 2490 altera
431 2443 536 2490 manu
552 2442 696 2505 propere
711 2442 871 2490 reversus
885 2427 969 2503 erat,
984 2443 1048 2491 nos
1062 2419 1096 2490 id
1111 2420 1236 2492 docuit.

393 2517 568 2604 “Impetus
582 2519 617 2590 hi
632 2542 700 2590 non
717 2528 799 2590 sunt
819 2519 866 2590 illi
891 2519 1047 2603 insueti,''
1071 2520 1192 2604 nouit„
1230 2520 1313 2593 “Est

309 2620 375 2690 ista
389 2641 443 2690 res
457 2643 568 2704 genus
582 2618 769 2704 vertiginis.
802 2619 921 2692 Praebe
935 2620 982 2691 illi
996 2641 1122 2705 paucas
1135 2627 1255 2704 guttas
1269 2643 1311 2692 ex

309 2719 405 2790 hm?

393 2821 478 2890 Dein
493 2825 665 2891 exturata1
680 2819 803 2906 phiala,
819 2843 895 2890 earn
911 2819 1063 2904 Godfrey
1086 2821 1246 2904 porrexit.
1281 2821 1311 2892 E

308 2920 492 3004 vaporibus
507 2920 596 2991 sensi
611 2942 687 2991 eam
703 2942 775 2990 rem
791 2921 936 3004 speciem
951 2921 1131 2991 ammoniae
1144 2942 1227 2991 esse.
1240 2921 1311 2992 Mo-

309 3027 425 3090 mento
438 3028 516 3104 post
530 3021 669 3105 Rogers,
684 3021 781 3104 quasi
795 3042 929 3104 spasmo
944 3019 1109 3104 laborans,
1123 3041 1244 3091 aurarn
1258 3043 1312 3092 ca·

292 3127 405 3204 ptare
420 3121 532 3206 coepit.

392 3218 492 3290 “Mox
507 3221 590 3291 satis
603 3221 761 3304 valebit‚''
776 3227 895 3291 monet
905 3219 1013 3291 Parks
1024 3220 1151 3305 optima
1160 3241 1309 3304 sperans.

309 3318 459 3390 “Tamen
489 3342 568 3390 eum
598 3327 669 3391 tam
698 3320 786 3391 male
809 3342 845 3389 se
869 3320 995 3390 habere
1015 3341 1193 3404 nunquam
1208 3328 1311 3390 antea

309 3419 409 3490 vidi.’'

392 3520 515 3592 “Haud
541 3543 678 3605 aequum
703 3528 756 3591 est
771 3543 851 3592 eum
865 3520 900 3590 in
926 3527 1099 3591 constrato
1124 3520 1309 3604 linquere,”

309 3629 425 3691 monet
440 3621 604 3705 Godfrey.

393 3721 477 3792 “Est
491 3721 573 3792 sella
586 3721 777 3806 pulvinata
791 3721 826 3790 In
839 3719 990 3791 conclavi
1003 3718 1215 3802 musicario,”
1231 3741 1310 3803 sug·

409 3924 433 3974 1.
450 3922 560 3987 Aperta,
574 3921 669 3974 subere
682 3925 813 3974 extracto.

408 4009 433 4058 2.
451 4005 525 4059 Sella
536 4021 598 4058 cum
610 4003 745 4072 pulvillo,
762 4009 810 4057 aut
821 4003 990 4071 pulvinari·
1008 4003 1055 4056 ille
1067 4003 1128 4056 tolli
1140 4007 1237 4069 potent,
1258 4001 1311 4054 hoc

315 4105 370 4142 non
384 4095 490 4155 potem
507 4095 654 4156 utrumque
667 4105 755 4156 genus
767 4091 835 4151 1111,
848 4088 892 4141 vel
903 4089 959 4144 alio
972 4092 1095 4142 tomento
1113 4087 1256 4142 effoetum
1270 4091 1313 4142 111

309 4173 343 4227 ad
355 4173 476 4230 molliter
487 4173 644 4230 sedendum.
