3500 5158
564 899 680 955 renus
701 898 886 953 nmrmns
907 897 1067 953 nunnus
1255 882 1318 952 ³01

316 1067 442 1151 quibus
458 1067 557 1139 dictis
569 1089 694 1138 manus
708 1067 796 1137 alter
809 1066 907 1136 alteri
916 1066 1135 1137 tetendimus
1146 1064 1248 1136 “Ideo
1258 1087 1322 1136 vos

315 1168 370 1239 hic
392 1169 437 1239 ad
461 1167 751 1251 congrediendum
766 1167 961 1250 convocavi,
986 1173 1028 1237 ut
1053 1165 1211 1250 quaedam
1231 1165 1321 1236 circa

316 1268 517 1339 adamantes
531 1267 790 1338 Michaelovitch
804 1267 943 1350 negotia
963 1267 1204 1337 dirimerentur
1218 1301 1260 1312 ·-
1275 1273 1320 1350 et,

317 1391 410 1451 casu,
426 1369 531 1439 etiarn
544 1369 608 1438 hac
622 1368 658 1439 in
673 1389 711 1438 re
725 1367 851 1438 merito
873 1369 1008 1437 Reoord
1030 1369 1271 1451 recolerentur,
1285 1374 1322 1437 et

317 1470 382 1540 hoc
406 1475 507 1539 tanta
530 1467 736 1551 celebritate,
761 1470 892 1552 quanta
916 1468 984 1537 iam
1007 1467 1067 1537 diu
1092 1489 1161 1538 non
1176 1467 1322 1551 gloriata

320 1569 395 1640 sit„

404 1668 499 1753 “Ego
514 1669 652 1753 quidem
667 1690 742 1762 non,
751 1669 795 1739 ad
810 1667 1004 1750 augendam
1019 1668 1162 1751 gloriam
1187 1669 1323 1738 Racord

319 1769 388 1840 huc
401 1769 512 1852 veni,”
526 1768 717 1839 obtestatur
732 1768 878 1852 Grady.”
890 1767 1059 1839 Diumum
1069 1765 1151 1837 illud
1167 1788 1223 1837 me
1237 1787 1323 1837 nun·

320 1891 424 1951 uuam
438 1891 481 1938 ex
496 1890 595 1952 aequo
610 1868 804 1939 tractavit.''

404 1984 528 2056 “Modo
542 2007 610 2069 quo
624 1985 780 2056 meruisti
802 1991 837 2055 te
861 1984 1055 2067 tractavit,”
1081 1983 1209 2068 regerit
1234 1981 1323 2055 God-

320 2085 589 2170 frey.“1amita
602 2092 644 2156 ut
664 2085 773 2155 sentio
798 2091 914 2155 tecum
939 2085 1069 2168 loquar,
1096 2084 1221 2167 Grady.
1246 2083 1324 2154 Tua

320 2187 389 2257 iam
402 2186 477 2256 fata
491 2192 623 2256 statuta
638 2192 728 2255 sunt.
751 2186 834 2255 Post
848 2206 952 2268 quam
966 2185 1136 2268 effugium
1160 2183 1243 2254 illud
1267 2183 1325 2253 he·

325 2293 480 2357 sternum
495 2285 530 2354 in
545 2287 691 2369 vulgum
705 2286 879 2368 efferetur,
894 2307 939 2354 ne
954 2285 1073 2354 horam
1097 2283 1236 2369 quidem
1250 2305 1325 2368 per·

326 2387 451 2457 durare
465 2385 622 2470 poteris.”

409 2502 482 2572 “De
495 2525 536 2573 ea
550 2525 588 2572 re
603 2502 685 2572 alias
695 2500 724 2571 !”
740 2501 855 2586 Grady
870 2501 985 2584 mutit,
1008 2500 1067 2572 sed
1082 2502 1165 2572 satis
1180 2507 1255 2572 erat
1268 2521 1325 2585 pa·

323 2605 436 2674 tulum
450 2623 642 2686 pugnacem
656 2603 808 2671 animum
824 2602 870 2671 illi
886 2608 1084 2685 exemptum
1098 2623 1181 2673 esse.

407 2719 588 2790 “Relatum
603 2726 703 2789 teneo
717 2726 753 2789 te
767 2740 835 2788 non
849 2719 968 2788 sivisse
982 2726 1082 2789 nocte
1104 2719 1264 2791 hesterna
1284 2728 1326 2791 ut

324 2819 516 2892 Simmonds
539 2841 595 2890 me
620 2842 681 2904 per
706 2819 926 2903 telephonum
952 2820 1177 2892 advocaret?”
1202 2821 1327 2904 quaerit

328 2921 573 3090 GOdEriffbirsus
587 3020 636 3089 ita
650 3054 692 3064 -
705 3019 789 3088 nihil
805 3018 895 3089 enim
909 3019 954 3089 ad
968 3026 1004 3090 te
1017 3019 1217 3090 attinebat.”

409 3135 588 3206 “Fortasse
603 3157 672 3205 non
687 3135 865 3206 attinebat
887 3135 933 3206 Et
947 3142 1075 3218 tamen,
1090 3137 1117 3206 si
1138 3158 1203 3220 ego
1223 3137 1328 3207 inter-

325 3237 479 3319 fuissem,
488 3236 687 3306 scitissimus
695 3235 913 3319 Parisiorum,
924 3236 1029 3306 sinon
1043 3235 1134 3306 orbis
1146 3244 1328 3320 terrarum,

325 3337 385 3408 fur
399 3337 434 3406 in
449 3335 600 3408 Statione
614 3336 690 3407 Viae
705 3335 889 3418 Vigesimae
909 3335 1035 3406 Tertiae
1048 3336 1139 3406 intra
1154 3358 1293 3407 caveam
1307 3360 1328 3407 e

326 3437 623 3508 chromo-nicolino
637 3435 778 3518 chalybe
794 3436 923 3504 factam
938 3457 1078 3506 securus
1093 3436 1236 3520 sederet,
1256 3438 1327 3508 loco

326 3536 430 3608 libere
443 3535 631 3619 grassandi,
645 3542 682 3605 et
694 3535 799 3604 alium
815 3535 1010 3618 quempiam
1024 3535 1256 3619 compilandi.”

411 3651 487 3722 “Tu
500 3651 686 3736 nimiopere
701 3649 764 3720 tibi
778 3650 950 3733 confidis,''
964 3652 1092 3735 regerit
1106 3653 1230 3736 Grady.
1246 3651 1330 3724 “Fa-

327 3753 389 3824 cile
404 3759 456 3823 est
471 3759 549 3837 post
562 3753 658 3822 facta
672 3751 821 3834 sapere.”

412 3867 507 3952 “Ego
522 3889 605 3939 vero
619 3873 735 3937 tecum
760 3889 829 3937 non
854 3867 1079 3951 disceptabo,”
1106 3869 1215 3939 refert
1240 3869 1329 3941 God-

329 3969 417 4052 frey.
439 3967 539 4039 “Non
553 3967 687 4051 negabo
702 3968 818 4037 furem
832 3967 960 4051 optime
975 3987 1012 4037 se
1028 3967 1264 4052 dissimulasse,
1279 3991 1330 4040 ra·

329 4069 458 4140 tionem
470 4089 544 4138 rem
558 4066 699 4152 gerendi
714 4068 911 4150 praeclaram
921 4102 963 4112 -
975 4067 1081 4138 nihilo
1091 4073 1207 4138 tamen
1222 4069 1331 4140 secius

330 4177 366 4240 te
380 4191 422 4240 ea
435 4167 624 4253 perspicere
639 4167 789 4238 decebat
810 4167 926 4238 Tuum
940 4173 1016 4238 erat
1029 4167 1065 4237 id
1079 4167 1226 4239 videre.”
