<?xml version="1.0" encoding="UTF-8"?>
<!DOCTYPE html PUBLIC "-//W3C//DTD XHTML 1.0 Transitional//EN"
    "http://www.w3.org/TR/xhtml1/DTD/xhtml1-transitional.dtd">
<html xmlns="http://www.w3.org/1999/xhtml" xml:lang="en" lang="en">
 <head>
  <title>
</title>
<meta http-equiv="Content-Type" content="text/html;charset=utf-8" />
  <meta name='ocr-system' content='tesseract 3.04.00' />
  <meta name='ocr-capabilities' content='ocr_page ocr_carea ocr_par ocr_line ocrx_word'/>
</head>
<body>
  <div class='ocr_page' id='page_1' title='image "./mysteriumarcbou00mogygoog/mysteriumarcbou00mogygoog_0140.png"; bbox 0 0 3554 5156; ppageno 0'>
   <div class='ocr_carea' id='block_1_1' title="bbox 727 877 1387 950">
    <p class='ocr_par' dir='ltr' id='par_1_1' title="bbox 727 877 1387 950">
     <span class='ocr_line' id='line_1_1' title="bbox 727 877 1387 950; baseline -0.003 0"><span class='ocrx_word' id='word_1_1' title='bbox 727 891 834 950; x_wconf 87' lang='lat' dir='ltr'><strong>ocurr</strong></span> <span class='ocrx_word' id='word_1_2' title='bbox 854 891 1042 948; x_wconf 73' lang='lat' dir='ltr'><strong>nanuum</strong></span> <span class='ocrx_word' id='word_1_3' title='bbox 1325 877 1387 948; x_wconf 84' lang='lat'><strong>125</strong></span> 
     </span>
    </p>
   </div>
   <div class='ocr_carea' id='block_1_2' title="bbox 381 1060 1387 1733">
    <p class='ocr_par' dir='ltr' id='par_1_2' title="bbox 381 1060 1387 1346">
     <span class='ocr_line' id='line_1_2' title="bbox 381 1060 1385 1146; baseline 0 -14"><span class='ocrx_word' id='word_1_4' title='bbox 381 1061 672 1133; x_wconf 77' lang='lat' dir='ltr'><strong>oculos&#39;micantes</strong></span> <span class='ocrx_word' id='word_1_5' title='bbox 683 1063 809 1133; x_wconf 91' lang='lat' dir='ltr'><strong>iterum</strong></span> <span class='ocrx_word' id='word_1_6' title='bbox 823 1062 1015 1146; x_wconf 76' lang='lat' dir='ltr'><strong>conspicere</strong></span> <span class='ocrx_word' id='word_1_7' title='bbox 1036 1060 1118 1132; x_wconf 88' lang='lat' dir='ltr'><strong>mihi</strong></span> <span class='ocrx_word' id='word_1_8' title='bbox 1141 1061 1261 1131; x_wconf 88' lang='lat' dir='ltr'><strong>datum</strong></span> <span class='ocrx_word' id='word_1_9' title='bbox 1286 1067 1385 1132; x_wconf 74' lang='lat' dir='ltr'><strong>esser„</strong></span> 
     </span>
     <span class='ocr_line' id='line_1_3' title="bbox 383 1160 1387 1245; baseline -0.001 -13"><span class='ocrx_word' id='word_1_10' title='bbox 383 1163 410 1233; x_wconf 90' lang='lat' dir='ltr'><strong>Ii</strong></span> <span class='ocrx_word' id='word_1_11' title='bbox 426 1162 516 1232; x_wconf 93' lang='lat' dir='ltr'><strong>enim</strong></span> <span class='ocrx_word' id='word_1_12' title='bbox 529 1161 635 1232; x_wconf 87' lang='lat' dir='ltr'><strong>inussi</strong></span> <span class='ocrx_word' id='word_1_13' title='bbox 650 1183 722 1232; x_wconf 87' lang='lat' dir='ltr'><strong>esse</strong></span> <span class='ocrx_word' id='word_1_14' title='bbox 737 1162 961 1245; x_wconf 87' lang='lat' dir='ltr'><strong>videbantur;</strong></span> <span class='ocrx_word' id='word_1_15' title='bbox 982 1169 1123 1232; x_wconf 81' lang='lat' dir='ltr'><strong>urentes</strong></span> <span class='ocrx_word' id='word_1_16' title='bbox 1143 1160 1254 1231; x_wconf 91' lang='lat' dir='ltr'><strong>radios</strong></span> <span class='ocrx_word' id='word_1_17' title='bbox 1267 1162 1303 1230; x_wconf 92' lang='lat' dir='ltr'><strong>in</strong></span> <span class='ocrx_word' id='word_1_18' title='bbox 1318 1168 1387 1231; x_wconf 86' lang='lat' dir='ltr'><strong>ter·</strong></span> 
     </span>
     <span class='ocr_line' id='line_1_4' title="bbox 382 1261 1387 1346; baseline -0.001 -14"><span class='ocrx_word' id='word_1_19' title='bbox 382 1284 428 1346; x_wconf 88' lang='lat' dir='ltr'><strong>go</strong></span> <span class='ocrx_word' id='word_1_20' title='bbox 442 1283 518 1332; x_wconf 90' lang='lat' dir='ltr'><strong>meo</strong></span> <span class='ocrx_word' id='word_1_21' title='bbox 532 1283 668 1332; x_wconf 89' lang='lat' dir='ltr'><strong>sursum</strong></span> <span class='ocrx_word' id='word_1_22' title='bbox 691 1261 916 1346; x_wconf 84' lang='lat' dir='ltr'>deorsumque</span> <span class='ocrx_word' id='word_1_23' title='bbox 937 1261 1019 1332; x_wconf 88' lang='lat' dir='ltr'><strong>mihi</strong></span> <span class='ocrx_word' id='word_1_24' title='bbox 1045 1283 1182 1332; x_wconf 89' lang='lat' dir='ltr'><strong>cursare</strong></span> <span class='ocrx_word' id='word_1_25' title='bbox 1206 1261 1387 1345; x_wconf 87' lang='lat' dir='ltr'><strong>persuade-</strong></span> 
     </span>
    </p>

    <p class='ocr_par' dir='ltr' id='par_1_3' title="bbox 384 1459 1386 1733">
     <span class='ocr_line' id='line_1_5' title="bbox 467 1459 1384 1546; baseline -0.001 -15"><span class='ocrx_word' id='word_1_26' title='bbox 467 1460 578 1543; x_wconf 87' lang='lat' dir='ltr'><strong>“Quid</strong></span> <span class='ocrx_word' id='word_1_27' title='bbox 603 1483 672 1531; x_wconf 92' lang='lat' dir='ltr'><strong>non</strong></span> <span class='ocrx_word' id='word_1_28' title='bbox 694 1461 855 1546; x_wconf 86' lang='lat' dir='ltr'><strong>prodeam</strong></span> <span class='ocrx_word' id='word_1_29' title='bbox 877 1461 945 1532; x_wconf 91' lang='lat' dir='ltr'><strong>acsi</strong></span> <span class='ocrx_word' id='word_1_30' title='bbox 966 1460 1093 1546; x_wconf 88' lang='lat' dir='ltr'><strong>aliquid</strong></span> <span class='ocrx_word' id='word_1_31' title='bbox 1118 1459 1384 1545; x_wconf 80' lang='lat' dir='ltr'><strong>prosequereri&#39;’</strong></span> 
     </span>
     <span class='ocr_line' id='line_1_6' title="bbox 385 1559 1386 1645; baseline -0.002 -13"><span class='ocrx_word' id='word_1_32' title='bbox 385 1560 476 1632; x_wconf 82' lang='lat' dir='ltr'>suasi</span> <span class='ocrx_word' id='word_1_33' title='bbox 491 1583 565 1645; x_wconf 87' lang='lat' dir='ltr'><strong>ego.</strong></span> <span class='ocrx_word' id='word_1_34' title='bbox 580 1559 692 1632; x_wconf 86' lang='lat' dir='ltr'><strong>“Tum</strong></span> <span class='ocrx_word' id='word_1_35' title='bbox 707 1583 772 1645; x_wconf 88' lang='lat' dir='ltr'><strong>ego</strong></span> <span class='ocrx_word' id='word_1_36' title='bbox 786 1569 821 1631; x_wconf 89' lang='lat' dir='ltr'><strong>et</strong></span> <span class='ocrx_word' id='word_1_37' title='bbox 836 1561 944 1632; x_wconf 87' lang='lat' dir='ltr'><strong>Parks</strong></span> <span class='ocrx_word' id='word_1_38' title='bbox 958 1561 1260 1632; x_wconf 83' lang='lat' dir='ltr'><strong>circumcurrentes</strong></span> <span class='ocrx_word' id='word_1_39' title='bbox 1280 1581 1386 1631; x_wconf 90' lang='lat' dir='ltr'><strong>comu</strong></span> 
     </span>
     <span class='ocr_line' id='line_1_7' title="bbox 384 1661 715 1733; baseline -0.006 0"><span class='ocrx_word' id='word_1_40' title='bbox 384 1682 464 1733; x_wconf 88' lang='lat' dir='ltr'><strong>euru</strong></span> <span class='ocrx_word' id='word_1_41' title='bbox 482 1661 715 1731; x_wconf 85' lang='lat' dir='ltr'><strong>haberemus”</strong></span> 
     </span>
    </p>
   </div>
   <div class='ocr_carea' id='block_1_3' title="bbox 383 1776 1387 3825">
    <p class='ocr_par' dir='ltr' id='par_1_4' title="bbox 383 1776 1385 2248">
     <span class='ocr_line' id='line_1_8' title="bbox 468 1776 1384 1863; baseline -0.002 -15"><span class='ocrx_word' id='word_1_42' title='bbox 468 1776 579 1860; x_wconf 86' lang='lat' dir='ltr'><strong>“Quin</strong></span> <span class='ocrx_word' id='word_1_43' title='bbox 594 1799 663 1848; x_wconf 96' lang='lat' dir='ltr'><strong>non</strong></span> <span class='ocrx_word' id='word_1_44' title='bbox 677 1785 718 1848; x_wconf 87' lang='lat' dir='ltr'><strong>tu</strong></span> <span class='ocrx_word' id='word_1_45' title='bbox 733 1799 823 1860; x_wconf 88' lang='lat' dir='ltr'><strong>euru,</strong></span> <span class='ocrx_word' id='word_1_46' title='bbox 838 1778 898 1848; x_wconf 92' lang='lat' dir='ltr'><strong>sed</strong></span> <span class='ocrx_word' id='word_1_47' title='bbox 911 1779 983 1863; x_wconf 89' lang='lat' dir='ltr'><strong>ipse</strong></span> <span class='ocrx_word' id='word_1_48' title='bbox 996 1785 1032 1848; x_wconf 92' lang='lat' dir='ltr'><strong>te</strong></span> <span class='ocrx_word' id='word_1_49' title='bbox 1046 1778 1196 1849; x_wconf 86' lang='lat' dir='ltr'><strong>haberet.</strong></span> <span class='ocrx_word' id='word_1_50' title='bbox 1218 1777 1294 1848; x_wconf 77' lang='lat' dir='ltr'><strong>&#39;iibi</strong></span> <span class='ocrx_word' id='word_1_51' title='bbox 1309 1777 1384 1847; x_wconf 93' lang='lat' dir='ltr'><strong>nul-</strong></span> 
     </span>
     <span class='ocr_line' id='line_1_9' title="bbox 383 1877 1384 1963; baseline -0.001 -15"><span class='ocrx_word' id='word_1_52' title='bbox 383 1878 417 1948; x_wconf 88' lang='lat' dir='ltr'><strong>la</strong></span> <span class='ocrx_word' id='word_1_53' title='bbox 430 1885 563 1963; x_wconf 89' lang='lat' dir='ltr'><strong>pateret</strong></span> <span class='ocrx_word' id='word_1_54' title='bbox 586 1877 724 1948; x_wconf 82' lang='lat' dir='ltr'><strong>occasio.</strong></span> <span class='ocrx_word' id='word_1_55' title='bbox 746 1877 781 1949; x_wconf 88' lang='lat' dir='ltr'><strong>si</strong></span> <span class='ocrx_word' id='word_1_56' title='bbox 805 1884 857 1948; x_wconf 90' lang='lat' dir='ltr'><strong>est</strong></span> <span class='ocrx_word' id='word_1_57' title='bbox 883 1878 918 1947; x_wconf 91' lang='lat' dir='ltr'><strong>in</strong></span> <span class='ocrx_word' id='word_1_58' title='bbox 943 1878 1107 1962; x_wconf 85' lang='lat' dir='ltr'><strong>superiori</strong></span> <span class='ocrx_word' id='word_1_59' title='bbox 1132 1877 1384 1961; x_wconf 78' lang='lat' dir='ltr'><strong>contignatione</strong></span> 
     </span>
     <span class='ocr_line' id='line_1_10' title="bbox 383 1977 1385 2062; baseline -0.002 -14"><span class='ocrx_word' id='word_1_60' title='bbox 383 1978 535 2048; x_wconf 79' lang='lat' dir='ltr'><strong>fenestra</strong></span> <span class='ocrx_word' id='word_1_61' title='bbox 561 1999 665 2062; x_wconf 90' lang='lat' dir='ltr'><strong>supra</strong></span> <span class='ocrx_word' id='word_1_62' title='bbox 688 1977 789 2061; x_wconf 91' lang='lat' dir='ltr'><strong>illam,</strong></span> <span class='ocrx_word' id='word_1_63' title='bbox 814 1978 941 2062; x_wconf 83' lang='lat' dir='ltr'><strong>aliquid</strong></span> <span class='ocrx_word' id='word_1_64' title='bbox 965 1978 1001 2047; x_wconf 92' lang='lat' dir='ltr'><strong>in</strong></span> <span class='ocrx_word' id='word_1_65' title='bbox 1026 1999 1106 2048; x_wconf 92' lang='lat' dir='ltr'><strong>eum</strong></span> <span class='ocrx_word' id='word_1_66' title='bbox 1120 1977 1298 2048; x_wconf 89' lang='lat' dir='ltr'><strong>demittere</strong></span> <span class='ocrx_word' id='word_1_67' title='bbox 1311 1997 1385 2061; x_wconf 90' lang='lat' dir='ltr'><strong>pos·</strong></span> 
     </span>
     <span class='ocr_line' id='line_1_11' title="bbox 384 2077 1385 2160; baseline -0.001 -12"><span class='ocrx_word' id='word_1_68' title='bbox 384 2099 446 2160; x_wconf 82' lang='lat' dir='ltr'><strong>ses,</strong></span> <span class='ocrx_word' id='word_1_69' title='bbox 462 2084 524 2147; x_wconf 91' lang='lat' dir='ltr'><strong>aut</strong></span> <span class='ocrx_word' id='word_1_70' title='bbox 537 2099 619 2147; x_wconf 90' lang='lat' dir='ltr'><strong>vero</strong></span> <span class='ocrx_word' id='word_1_71' title='bbox 632 2085 748 2147; x_wconf 89' lang='lat' dir='ltr'><strong>nostro</strong></span> <span class='ocrx_word' id='word_1_72' title='bbox 763 2077 870 2148; x_wconf 89' lang='lat' dir='ltr'><strong>Parks</strong></span> <span class='ocrx_word' id='word_1_73' title='bbox 893 2078 1009 2148; x_wconf 90' lang='lat' dir='ltr'><strong>liceret</strong></span> <span class='ocrx_word' id='word_1_74' title='bbox 1033 2099 1113 2148; x_wconf 92' lang='lat' dir='ltr'><strong>eum</strong></span> <span class='ocrx_word' id='word_1_75' title='bbox 1138 2077 1292 2160; x_wconf 87' lang='lat' dir='ltr'><strong>sclopelio</strong></span> <span class='ocrx_word' id='word_1_76' title='bbox 1318 2084 1385 2147; x_wconf 90' lang='lat' dir='ltr'><strong>tra·</strong></span> 
     </span>
     <span class='ocr_line' id='line_1_12' title="bbox 383 2178 562 2248; baseline 0.006 -2"><span class='ocrx_word' id='word_1_77' title='bbox 383 2199 485 2248; x_wconf 88' lang='lat' dir='ltr'><strong>ucere</strong></span> <span class='ocrx_word' id='word_1_78' title='bbox 500 2178 562 2223; x_wconf 90' lang='lat'><strong>-&#39;&#39;</strong></span> 
     </span>
    </p>

    <p class='ocr_par' dir='ltr' id='par_1_5' title="bbox 386 2291 1384 2464">
     <span class='ocr_line' id='line_1_13' title="bbox 468 2291 1384 2378; baseline -0.002 -14"><span class='ocrx_word' id='word_1_79' title='bbox 468 2292 535 2364; x_wconf 89' lang='lat' dir='ltr'><strong>“At</strong></span> <span class='ocrx_word' id='word_1_80' title='bbox 562 2315 674 2363; x_wconf 89' lang='lat' dir='ltr'><strong>nonne</strong></span> <span class='ocrx_word' id='word_1_81' title='bbox 698 2293 734 2363; x_wconf 94' lang='lat' dir='ltr'><strong>id</strong></span> <span class='ocrx_word' id='word_1_82' title='bbox 758 2294 883 2378; x_wconf 87' lang='lat' dir='ltr'><strong>ignavo</strong></span> <span class='ocrx_word' id='word_1_83' title='bbox 906 2294 1089 2364; x_wconf 87' lang='lat' dir='ltr'><strong>admodum</strong></span> <span class='ocrx_word' id='word_1_84' title='bbox 1112 2293 1212 2363; x_wconf 92' lang='lat' dir='ltr'><strong>modo</strong></span> <span class='ocrx_word' id='word_1_85' title='bbox 1240 2291 1384 2363; x_wconf 81' lang='lat' dir='ltr'><strong>fieret?”</strong></span> 
     </span>
     <span class='ocr_line' id='line_1_14' title="bbox 386 2393 586 2464; baseline 0 0"><span class='ocrx_word' id='word_1_86' title='bbox 386 2393 586 2464; x_wconf 88' lang='lat' dir='ltr'><strong>sciscitabar.</strong></span> 
     </span>
    </p>

    <p class='ocr_par' dir='ltr' id='par_1_6' title="bbox 386 2491 1386 2677">
     <span class='ocr_line' id='line_1_15' title="bbox 469 2491 1386 2576; baseline -0.002 -13"><span class='ocrx_word' id='word_1_87' title='bbox 469 2493 537 2563; x_wconf 89' lang='lat' dir='ltr'><strong>“Mi</strong></span> <span class='ocrx_word' id='word_1_88' title='bbox 551 2493 666 2576; x_wconf 86' lang='lat' dir='ltr'><strong>amice,</strong></span> <span class='ocrx_word' id='word_1_89' title='bbox 682 2493 831 2576; x_wconf 87' lang='lat' dir='ltr'><strong>Lester,’&#39;</strong></span> <span class='ocrx_word' id='word_1_90' title='bbox 846 2493 1038 2563; x_wconf 85' lang='lat' dir='ltr'><strong>obtestatur</strong></span> <span class='ocrx_word' id='word_1_91' title='bbox 1063 2493 1223 2576; x_wconf 82' lang='lat' dir='ltr'><strong>Godfrey,</strong></span> <span class='ocrx_word' id='word_1_92' title='bbox 1239 2491 1287 2562; x_wconf 91' lang='lat' dir='ltr'><strong>“si</strong></span> <span class='ocrx_word' id='word_1_93' title='bbox 1301 2493 1386 2576; x_wconf 86' lang='lat' dir='ltr'><strong>aspi-</strong></span> 
     </span>
     <span class='ocr_line' id='line_1_16' title="bbox 386 2590 1386 2677; baseline -0.001 -14"><span class='ocrx_word' id='word_1_94' title='bbox 386 2593 464 2664; x_wconf 89' lang='lat' dir='ltr'><strong>dem</strong></span> <span class='ocrx_word' id='word_1_95' title='bbox 478 2593 681 2677; x_wconf 76' lang='lat' dir='ltr'><strong>aggrederis,</strong></span> <span class='ocrx_word' id='word_1_96' title='bbox 695 2614 807 2663; x_wconf 90' lang='lat' dir='ltr'><strong>nonnc</strong></span> <span class='ocrx_word' id='word_1_97' title='bbox 822 2593 857 2663; x_wconf 91' lang='lat' dir='ltr'><strong>id</strong></span> <span class='ocrx_word' id='word_1_98' title='bbox 870 2593 965 2663; x_wconf 87' lang='lat' dir='ltr'><strong>nuda</strong></span> <span class='ocrx_word' id='word_1_99' title='bbox 977 2615 1083 2663; x_wconf 90' lang='lat' dir='ltr'><strong>manu</strong></span> <span class='ocrx_word' id='word_1_100' title='bbox 1097 2592 1191 2663; x_wconf 88' lang='lat' dir='ltr'><strong>haud</strong></span> <span class='ocrx_word' id='word_1_101' title='bbox 1202 2590 1386 2663; x_wconf 82' lang='lat' dir='ltr'><strong>tentabis?“</strong></span> 
     </span>
    </p>

    <p class='ocr_par' dir='ltr' id='par_1_7' title="bbox 386 2709 1387 2881">
     <span class='ocr_line' id='line_1_17' title="bbox 469 2709 1387 2780; baseline -0.001 0"><span class='ocrx_word' id='word_1_102' title='bbox 469 2711 612 2780; x_wconf 88' lang='lat' dir='ltr'><strong>Prorsus</strong></span> <span class='ocrx_word' id='word_1_103' title='bbox 632 2709 762 2780; x_wconf 88' lang='lat' dir='ltr'><strong>invitus</strong></span> <span class='ocrx_word' id='word_1_104' title='bbox 786 2745 828 2756; x_wconf 92' lang='lat'>-</span> <span class='ocrx_word' id='word_1_105' title='bbox 851 2709 965 2780; x_wconf 91' lang='lat' dir='ltr'><strong>oculos</strong></span> <span class='ocrx_word' id='word_1_106' title='bbox 986 2709 1112 2780; x_wconf 90' lang='lat' dir='ltr'><strong>iterum</strong></span> <span class='ocrx_word' id='word_1_107' title='bbox 1133 2709 1177 2780; x_wconf 91' lang='lat' dir='ltr'><strong>ad</strong></span> <span class='ocrx_word' id='word_1_108' title='bbox 1200 2709 1387 2779; x_wconf 76' lang='lat' dir='ltr'><strong>fenestram</strong></span> 
     </span>
     <span class='ocr_line' id='line_1_18' title="bbox 386 2817 619 2881; baseline -0.004 -1"><span class='ocrx_word' id='word_1_109' title='bbox 386 2817 569 2881; x_wconf 89' lang='lat' dir='ltr'><strong>converto.</strong></span> <span class='ocrx_word' id='word_1_110' title='bbox 586 2863 594 2878; x_wconf 91' lang='lat'>.</span> <span class='ocrx_word' id='word_1_111' title='bbox 611 2862 619 2879; x_wconf 95' lang='lat'><strong>.</strong></span> 
     </span>
    </p>

    <p class='ocr_par' dir='ltr' id='par_1_8' title="bbox 469 2908 865 2980">
     <span class='ocr_line' id='line_1_19' title="bbox 469 2908 865 2980; baseline -0.003 -1"><span class='ocrx_word' id='word_1_112' title='bbox 469 2908 640 2980; x_wconf 89' lang='lat' dir='ltr'><strong>“Decessit</strong></span> <span class='ocrx_word' id='word_1_113' title='bbox 653 2909 683 2980; x_wconf 87' lang='lat'><strong>!&#39;’</strong></span> <span class='ocrx_word' id='word_1_114' title='bbox 705 2908 865 2979; x_wconf 88' lang='lat' dir='ltr'><strong>exclamo.</strong></span> 
     </span>
    </p>

    <p class='ocr_par' dir='ltr' id='par_1_9' title="bbox 469 3007 1217 3098">
     <span class='ocr_line' id='line_1_20' title="bbox 469 3007 1217 3098; baseline -0.004 -18"><span class='ocrx_word' id='word_1_115' title='bbox 469 3009 620 3092; x_wconf 82' lang='lat' dir='ltr'><strong>Godrrey</strong></span> <span class='ocrx_word' id='word_1_116' title='bbox 633 3008 721 3078; x_wconf 91' lang='lat' dir='ltr'><strong>binis</strong></span> <span class='ocrx_word' id='word_1_117' title='bbox 734 3007 876 3080; x_wconf 87' lang='lat' dir='ltr'><strong>saltibus</strong></span> <span class='ocrx_word' id='word_1_118' title='bbox 889 3008 1217 3098; x_wconf 74' lang='lat' dir='ltr'><strong>renestramattigrt</strong></span> 
     </span>
    </p>

    <p class='ocr_par' dir='ltr' id='par_1_10' title="bbox 386 3106 1387 3292">
     <span class='ocr_line' id='line_1_21' title="bbox 470 3106 1387 3191; baseline -0.003 -12"><span class='ocrx_word' id='word_1_119' title='bbox 470 3107 598 3180; x_wconf 89' lang='lat' dir='ltr'><strong>“Cerne</strong></span> <span class='ocrx_word' id='word_1_120' title='bbox 609 3108 709 3179; x_wconf 90' lang='lat' dir='ltr'><strong>modo</strong></span> <span class='ocrx_word' id='word_1_121' title='bbox 722 3108 815 3178; x_wconf 89' lang='lat' dir='ltr'><strong>istud</strong></span> <span class='ocrx_word' id='word_1_122' title='bbox 825 3108 855 3178; x_wconf 89' lang='lat'><strong>!”</strong></span> <span class='ocrx_word' id='word_1_123' title='bbox 868 3109 927 3191; x_wconf 88' lang='lat' dir='ltr'><strong>ait,</strong></span> <span class='ocrx_word' id='word_1_124' title='bbox 948 3107 1045 3178; x_wconf 92' lang='lat' dir='ltr'><strong>“tum</strong></span> <span class='ocrx_word' id='word_1_125' title='bbox 1058 3109 1168 3179; x_wconf 83' lang='lat' dir='ltr'><strong>fatere</strong></span> <span class='ocrx_word' id='word_1_126' title='bbox 1182 3115 1301 3178; x_wconf 91' lang='lat' dir='ltr'><strong>utrum</strong></span> <span class='ocrx_word' id='word_1_127' title='bbox 1315 3106 1387 3191; x_wconf 92' lang='lat' dir='ltr'><strong>ipse</strong></span> 
     </span>
     <span class='ocr_line' id='line_1_22' title="bbox 386 3207 849 3292; baseline -0.002 -13"><span class='ocrx_word' id='word_1_128' title='bbox 386 3231 455 3280; x_wconf 94' lang='lat' dir='ltr'><strong>non</strong></span> <span class='ocrx_word' id='word_1_129' title='bbox 470 3230 603 3279; x_wconf 91' lang='lat' dir='ltr'><strong>summo</strong></span> <span class='ocrx_word' id='word_1_130' title='bbox 618 3209 662 3279; x_wconf 89' lang='lat' dir='ltr'><strong>sit</strong></span> <span class='ocrx_word' id='word_1_131' title='bbox 675 3207 811 3292; x_wconf 90' lang='lat' dir='ltr'><strong>ingenio</strong></span> <span class='ocrx_word' id='word_1_132' title='bbox 820 3207 849 3278; x_wconf 87' lang='lat'><strong>!”</strong></span> 
     </span>
    </p>

    <p class='ocr_par' dir='ltr' id='par_1_11' title="bbox 386 3323 1387 3497">
     <span class='ocr_line' id='line_1_23' title="bbox 470 3323 1387 3408; baseline -0.002 -11"><span class='ocrx_word' id='word_1_133' title='bbox 470 3325 583 3397; x_wconf 88' lang='lat' dir='ltr'><strong>Oculis</strong></span> <span class='ocrx_word' id='word_1_134' title='bbox 598 3332 736 3395; x_wconf 90' lang='lat' dir='ltr'><strong>secutus</strong></span> <span class='ocrx_word' id='word_1_135' title='bbox 749 3325 932 3408; x_wconf 86' lang='lat' dir='ltr'><strong>digitorum</strong></span> <span class='ocrx_word' id='word_1_136' title='bbox 946 3325 1117 3408; x_wconf 91' lang='lat' dir='ltr'><strong>indicium,</strong></span> <span class='ocrx_word' id='word_1_137' title='bbox 1131 3323 1201 3395; x_wconf 85' lang='lat' dir='ltr'><strong>vidi</strong></span> <span class='ocrx_word' id='word_1_138' title='bbox 1216 3346 1235 3395; x_wconf 92' lang='lat' dir='ltr'><strong>e</strong></span> <span class='ocrx_word' id='word_1_139' title='bbox 1249 3324 1387 3408; x_wconf 83' lang='lat' dir='ltr'><strong>regione</strong></span> 
     </span>
     <span class='ocr_line' id='line_1_24' title="bbox 386 3423 1343 3497; baseline -0.003 0"><span class='ocrx_word' id='word_1_140' title='bbox 386 3426 561 3497; x_wconf 79' lang='lat' dir='ltr'><strong>foraminis</strong></span> <span class='ocrx_word' id='word_1_141' title='bbox 574 3425 701 3495; x_wconf 87' lang='lat' dir='ltr'><strong>tabulae</strong></span> <span class='ocrx_word' id='word_1_142' title='bbox 715 3425 821 3495; x_wconf 90' lang='lat' dir='ltr'><strong>simile</strong></span> <span class='ocrx_word' id='word_1_143' title='bbox 835 3426 989 3496; x_wconf 80' lang='lat' dir='ltr'><strong>foramen</strong></span> <span class='ocrx_word' id='word_1_144' title='bbox 1003 3425 1093 3495; x_wconf 91' lang='lat' dir='ltr'><strong>vitro</strong></span> <span class='ocrx_word' id='word_1_145' title='bbox 1107 3446 1180 3495; x_wconf 80' lang='lat' dir='ltr'><strong>esse</strong></span> <span class='ocrx_word' id='word_1_146' title='bbox 1190 3423 1343 3495; x_wconf 88' lang='lat' dir='ltr'><strong>incisum.</strong></span> 
     </span>
    </p>

    <p class='ocr_par' dir='ltr' id='par_1_12' title="bbox 386 3541 1387 3825">
     <span class='ocr_line' id='line_1_25' title="bbox 471 3541 1386 3625; baseline 0 -13"><span class='ocrx_word' id='word_1_147' title='bbox 471 3543 604 3612; x_wconf 91' lang='lat' dir='ltr'><strong>“Lurco</strong></span> <span class='ocrx_word' id='word_1_148' title='bbox 628 3541 683 3611; x_wconf 89' lang='lat' dir='ltr'><strong>ille</strong></span> <span class='ocrx_word' id='word_1_149' title='bbox 711 3543 824 3612; x_wconf 90' lang='lat' dir='ltr'><strong>omnia</strong></span> <span class='ocrx_word' id='word_1_150' title='bbox 846 3542 1042 3625; x_wconf 84' lang='lat' dir='ltr'><strong>praevidet,”</strong></span> <span class='ocrx_word' id='word_1_151' title='bbox 1063 3541 1386 3612; x_wconf 89' lang='lat' dir='ltr'><strong>cumadmiratione</strong></span> 
     </span>
     <span class='ocr_line' id='line_1_26' title="bbox 386 3641 1387 3725; baseline -0.003 -12"><span class='ocrx_word' id='word_1_152' title='bbox 386 3643 483 3714; x_wconf 84' lang='lat' dir='ltr'><strong>iatur</strong></span> <span class='ocrx_word' id='word_1_153' title='bbox 497 3641 656 3725; x_wconf 81' lang='lat' dir='ltr'><strong>Godfrey.</strong></span> <span class='ocrx_word' id='word_1_154' title='bbox 679 3641 861 3712; x_wconf 85' lang='lat' dir='ltr'><strong>“Existimo</strong></span> <span class='ocrx_word' id='word_1_155' title='bbox 876 3663 956 3712; x_wconf 90' lang='lat' dir='ltr'><strong>eum</strong></span> <span class='ocrx_word' id='word_1_156' title='bbox 970 3641 1053 3712; x_wconf 93' lang='lat' dir='ltr'><strong>illud</strong></span> <span class='ocrx_word' id='word_1_157' title='bbox 1068 3643 1222 3711; x_wconf 77' lang='lat' dir='ltr'><strong>foramen</strong></span> <span class='ocrx_word' id='word_1_158' title='bbox 1232 3641 1387 3711; x_wconf 87' lang='lat' dir='ltr'><strong>instanti·</strong></span> 
     </span>
     <span class='ocr_line' id='line_1_27' title="bbox 387 3739 1387 3825; baseline -0.003 -12"><span class='ocrx_word' id='word_1_159' title='bbox 387 3742 452 3813; x_wconf 89' lang='lat' dir='ltr'><strong>bus</strong></span> <span class='ocrx_word' id='word_1_160' title='bbox 465 3742 614 3813; x_wconf 90' lang='lat' dir='ltr'><strong>tenebris</strong></span> <span class='ocrx_word' id='word_1_161' title='bbox 625 3741 794 3812; x_wconf 88' lang='lat' dir='ltr'><strong>excidisse.</strong></span> <span class='ocrx_word' id='word_1_162' title='bbox 817 3741 960 3825; x_wconf 82' lang='lat' dir='ltr'><strong>Oportet</strong></span> <span class='ocrx_word' id='word_1_163' title='bbox 974 3764 1054 3811; x_wconf 92' lang='lat' dir='ltr'><strong>eum</strong></span> <span class='ocrx_word' id='word_1_164' title='bbox 1075 3739 1270 3825; x_wconf 82' lang='lat' dir='ltr'><strong>praevidisse</strong></span> <span class='ocrx_word' id='word_1_165' title='bbox 1291 3741 1387 3810; x_wconf 86' lang='lat' dir='ltr'><strong>futu·</strong></span> 
     </span>
    </p>
   </div>
   <div class='ocr_carea' id='block_1_4' title="bbox 387 3840 1387 4024">
    <p class='ocr_par' dir='ltr' id='par_1_13' title="bbox 387 3840 1387 4024">
     <span class='ocr_line' id='line_1_28' title="bbox 387 3840 1387 3925; baseline -0.003 -12"><span class='ocrx_word' id='word_1_166' title='bbox 387 3866 465 3913; x_wconf 91' lang='lat' dir='ltr'><strong>rum</strong></span> <span class='ocrx_word' id='word_1_167' title='bbox 478 3849 520 3912; x_wconf 91' lang='lat' dir='ltr'><strong>ut</strong></span> <span class='ocrx_word' id='word_1_168' title='bbox 532 3863 595 3912; x_wconf 92' lang='lat' dir='ltr'><strong>nos</strong></span> <span class='ocrx_word' id='word_1_169' title='bbox 609 3863 722 3912; x_wconf 90' lang='lat' dir='ltr'><strong>arcam</strong></span> <span class='ocrx_word' id='word_1_170' title='bbox 736 3841 799 3911; x_wconf 91' lang='lat' dir='ltr'><strong>hac</strong></span> <span class='ocrx_word' id='word_1_171' title='bbox 813 3863 956 3924; x_wconf 86' lang='lat' dir='ltr'><strong>vespera</strong></span> <span class='ocrx_word' id='word_1_172' title='bbox 965 3841 1178 3925; x_wconf 83' lang='lat' dir='ltr'><strong>exploremus</strong></span> <span class='ocrx_word' id='word_1_173' title='bbox 1192 3875 1234 3886; x_wconf 92' lang='grc'><strong>-</strong></span> <span class='ocrx_word' id='word_1_174' title='bbox 1248 3840 1319 3924; x_wconf 92' lang='lat' dir='ltr'><strong>ipse</strong></span> <span class='ocrx_word' id='word_1_175' title='bbox 1329 3861 1387 3910; x_wconf 84' lang='lat' dir='ltr'><strong>ve·</strong></span> 
     </span>
     <span class='ocr_line' id='line_1_29' title="bbox 388 3938 1385 4024; baseline -0.006 -9"><span class='ocrx_word' id='word_1_176' title='bbox 388 3965 425 4015; x_wconf 96' lang='lat' dir='ltr'><strong>ro</strong></span> <span class='ocrx_word' id='word_1_177' title='bbox 446 3965 516 4013; x_wconf 92' lang='lat' dir='ltr'><strong>non</strong></span> <span class='ocrx_word' id='word_1_178' title='bbox 536 3941 636 4011; x_wconf 92' lang='lat' dir='ltr'><strong>modo</strong></span> <span class='ocrx_word' id='word_1_179' title='bbox 664 3940 790 4024; x_wconf 83' lang='lat' dir='ltr'><strong>videre,</strong></span> <span class='ocrx_word' id='word_1_180' title='bbox 819 3962 941 4010; x_wconf 89' lang='lat' dir='ltr'><strong>verum</strong></span> <span class='ocrx_word' id='word_1_181' title='bbox 969 3940 1072 4011; x_wconf 86' lang='lat' dir='ltr'><strong>etiam</strong></span> <span class='ocrx_word' id='word_1_182' title='bbox 1097 3940 1215 4011; x_wconf 90' lang='lat' dir='ltr'><strong>audire</strong></span> <span class='ocrx_word' id='word_1_183' title='bbox 1240 3938 1385 4010; x_wconf 86' lang='lat' dir='ltr'><strong>volebat.</strong></span> 
     </span>
    </p>
   </div>
   <div class='ocr_carea' id='block_1_5' title="bbox 388 4040 1387 4243">
    <p class='ocr_par' dir='ltr' id='par_1_14' title="bbox 388 4040 1387 4243">
     <span class='ocr_line' id='line_1_30' title="bbox 388 4040 1198 4126; baseline -0.004 -12"><span class='ocrx_word' id='word_1_184' title='bbox 388 4042 560 4126; x_wconf 84' lang='lat' dir='ltr'><strong>Quidquid</strong></span> <span class='ocrx_word' id='word_1_185' title='bbox 574 4040 730 4124; x_wconf 84' lang='lat' dir='ltr'><strong>diximus,</strong></span> <span class='ocrx_word' id='word_1_186' title='bbox 744 4041 790 4110; x_wconf 94' lang='lat' dir='ltr'><strong>mi</strong></span> <span class='ocrx_word' id='word_1_187' title='bbox 805 4041 933 4124; x_wconf 88' lang='lat' dir='ltr'><strong>Lester,</strong></span> <span class='ocrx_word' id='word_1_188' title='bbox 949 4041 1022 4125; x_wconf 88' lang='lat' dir='ltr'><strong>ipse</strong></span> <span class='ocrx_word' id='word_1_189' title='bbox 1036 4040 1198 4111; x_wconf 83' lang='lat' dir='ltr'><strong>audivit.&#39;&#39;</strong></span> 
     </span>
     <span class='ocr_line' id='line_1_31' title="bbox 470 4156 1387 4243; baseline -0.002 -13"><span class='ocrx_word' id='word_1_190' title='bbox 470 4158 741 4243; x_wconf 87' lang='lat' dir='ltr'><strong>“Prosequamur</strong></span> <span class='ocrx_word' id='word_1_191' title='bbox 765 4156 884 4228; x_wconf 85' lang='lat' dir='ltr'><strong>eum!”</strong></span> <span class='ocrx_word' id='word_1_192' title='bbox 913 4157 1048 4229; x_wconf 87' lang='lat' dir='ltr'><strong>clamito</strong></span> <span class='ocrx_word' id='word_1_193' title='bbox 1069 4178 1143 4241; x_wconf 86' lang='lat' dir='ltr'><strong>ego,</strong></span> <span class='ocrx_word' id='word_1_194' title='bbox 1168 4164 1204 4228; x_wconf 91' lang='lat' dir='ltr'><strong>et</strong></span> <span class='ocrx_word' id='word_1_195' title='bbox 1230 4157 1314 4241; x_wconf 75' lang='lat' dir='ltr'><strong>quain</strong></span> <span class='ocrx_word' id='word_1_196' title='bbox 1336 4177 1387 4228; x_wconf 88' lang='lat' dir='ltr'><strong>re-</strong></span> 
     </span>
    </p>
   </div>
   <div class='ocr_carea' id='block_1_6' title="bbox 0 0 1789 5156">
    <p class='ocr_par' dir='ltr' id='par_1_15' title="bbox 0 0 1789 5156">
     <span class='ocr_line' id='line_1_32' title="bbox 0 0 1789 5156; baseline 0 0"><span class='ocrx_word' id='word_1_197' title='bbox 0 0 1789 5156; x_wconf 95' lang='lat' dir='ltr'><strong> </strong></span> 
     </span>
    </p>
   </div>
  </div>
 </body>
</html>
