<?xml version="1.0" encoding="UTF-8"?>
<!DOCTYPE html PUBLIC "-//W3C//DTD XHTML 1.0 Transitional//EN"
    "http://www.w3.org/TR/xhtml1/DTD/xhtml1-transitional.dtd">
<html xmlns="http://www.w3.org/1999/xhtml" xml:lang="en" lang="en">
 <head>
  <title>
</title>
<meta http-equiv="Content-Type" content="text/html;charset=utf-8" />
  <meta name='ocr-system' content='tesseract 3.04.00' />
  <meta name='ocr-capabilities' content='ocr_page ocr_carea ocr_par ocr_line ocrx_word'/>
</head>
<body>
  <div class='ocr_page' id='page_1' title='image "./mysteriumarcbou00mogygoog/mysteriumarcbou00mogygoog_0191.png"; bbox 0 0 3536 5156; ppageno 0'>
   <div class='ocr_carea' id='block_1_1' title="bbox 440 907 1176 980">
    <p class='ocr_par' dir='ltr' id='par_1_1' title="bbox 440 907 1176 980">
     <span class='ocr_line' id='line_1_1' title="bbox 440 907 1176 980; baseline -0.003 0"><span class='ocrx_word' id='word_1_1' title='bbox 440 907 502 980; x_wconf 84' lang='lat'><strong>176</strong></span> <span class='ocrx_word' id='word_1_2' title='bbox 695 925 907 979; x_wconf 79' lang='lat' dir='ltr'><strong>ursrumuu</strong></span> <span class='ocrx_word' id='word_1_3' title='bbox 929 923 1036 978; x_wconf 72' lang='lat' dir='ltr'><strong>Anca</strong></span> <span class='ocrx_word' id='word_1_4' title='bbox 1057 917 1176 980; x_wconf 73' lang='lat' dir='ltr'><strong>sousa</strong></span> 
     </span>
    </p>
   </div>
   <div class='ocr_carea' id='block_1_2' title="bbox 431 1093 1433 1276">
    <p class='ocr_par' dir='ltr' id='par_1_2' title="bbox 431 1093 1433 1276">
     <span class='ocr_line' id='line_1_2' title="bbox 433 1093 1433 1177; baseline 0 -15"><span class='ocrx_word' id='word_1_5' title='bbox 433 1093 541 1177; x_wconf 88' lang='lat' dir='ltr'><strong>primo</strong></span> <span class='ocrx_word' id='word_1_6' title='bbox 556 1114 625 1176; x_wconf 91' lang='lat' dir='ltr'><strong>quo</strong></span> <span class='ocrx_word' id='word_1_7' title='bbox 640 1099 783 1175; x_wconf 90' lang='lat' dir='ltr'><strong>poterat,</strong></span> <span class='ocrx_word' id='word_1_8' title='bbox 797 1093 833 1160; x_wconf 89' lang='lat' dir='ltr'><strong>in</strong></span> <span class='ocrx_word' id='word_1_9' title='bbox 849 1093 959 1175; x_wconf 86' lang='lat' dir='ltr'><strong>Osage</strong></span> <span class='ocrx_word' id='word_1_10' title='bbox 981 1093 1058 1176; x_wconf 91' lang='lat' dir='ltr'><strong>City</strong></span> <span class='ocrx_word' id='word_1_11' title='bbox 1080 1093 1254 1176; x_wconf 84' lang='lat' dir='ltr'><strong>profectus</strong></span> <span class='ocrx_word' id='word_1_12' title='bbox 1280 1100 1341 1162; x_wconf 92' lang='lat' dir='ltr'><strong>est.</strong></span> <span class='ocrx_word' id='word_1_13' title='bbox 1379 1093 1433 1162; x_wconf 92' lang='lat' dir='ltr'><strong>Ne</strong></span> 
     </span>
     <span class='ocr_line' id='line_1_3' title="bbox 431 1192 1128 1276; baseline 0 -14"><span class='ocrx_word' id='word_1_14' title='bbox 431 1194 540 1262; x_wconf 83' lang='lat' dir='ltr'><strong>funus</strong></span> <span class='ocrx_word' id='word_1_15' title='bbox 554 1192 691 1275; x_wconf 92' lang='lat' dir='ltr'><strong>quidem</strong></span> <span class='ocrx_word' id='word_1_16' title='bbox 706 1193 971 1276; x_wconf 86' lang='lat' dir='ltr'><strong>exspectandum</strong></span> <span class='ocrx_word' id='word_1_17' title='bbox 986 1193 1128 1262; x_wconf 90' lang='lat' dir='ltr'><strong>censuit.</strong></span> 
     </span>
    </p>
   </div>
   <div class='ocr_carea' id='block_1_3' title="bbox 432 1342 1435 2924">
    <p class='ocr_par' dir='ltr' id='par_1_3' title="bbox 432 1342 1435 2924">
     <span class='ocr_line' id='line_1_4' title="bbox 517 1342 1433 1426; baseline 0 -14"><span class='ocrx_word' id='word_1_18' title='bbox 517 1342 630 1425; x_wconf 89' lang='lat' dir='ltr'><strong>Pauci,</strong></span> <span class='ocrx_word' id='word_1_19' title='bbox 646 1343 809 1426; x_wconf 81' lang='lat' dir='ltr'><strong>protecte,</strong></span> <span class='ocrx_word' id='word_1_20' title='bbox 824 1342 1012 1413; x_wconf 87' lang='lat' dir='ltr'><strong>molestiam</strong></span> <span class='ocrx_word' id='word_1_21' title='bbox 1027 1342 1062 1411; x_wconf 96' lang='lat' dir='ltr'><strong>in</strong></span> <span class='ocrx_word' id='word_1_22' title='bbox 1077 1343 1200 1412; x_wconf 83' lang='lat' dir='ltr'><strong>funere</strong></span> <span class='ocrx_word' id='word_1_23' title='bbox 1212 1342 1433 1426; x_wconf 85' lang='lat' dir='ltr'><strong>participandi</strong></span> 
     </span>
     <span class='ocr_line' id='line_1_5' title="bbox 434 1443 1433 1526; baseline 0 -14"><span class='ocrx_word' id='word_1_24' title='bbox 434 1443 651 1512; x_wconf 91' lang='lat' dir='ltr'><strong>subeundum</strong></span> <span class='ocrx_word' id='word_1_25' title='bbox 680 1450 896 1512; x_wconf 86' lang='lat' dir='ltr'><strong>censuerunt.</strong></span> <span class='ocrx_word' id='word_1_26' title='bbox 930 1443 1085 1512; x_wconf 89' lang='lat' dir='ltr'><strong>Fuerunt</strong></span> <span class='ocrx_word' id='word_1_27' title='bbox 1108 1443 1197 1513; x_wconf 88' lang='lat' dir='ltr'><strong>inter</strong></span> <span class='ocrx_word' id='word_1_28' title='bbox 1219 1443 1282 1512; x_wconf 92' lang='lat' dir='ltr'><strong>hos</strong></span> <span class='ocrx_word' id='word_1_29' title='bbox 1304 1443 1433 1526; x_wconf 86' lang='lat' dir='ltr'>aliquot</span> 
     </span>
     <span class='ocr_line' id='line_1_6' title="bbox 432 1541 1433 1626; baseline -0.001 -14"><span class='ocrx_word' id='word_1_30' title='bbox 432 1543 571 1612; x_wconf 79' lang='lat' dir='ltr'><strong>farmliae</strong></span> <span class='ocrx_word' id='word_1_31' title='bbox 595 1541 786 1625; x_wconf 90' lang='lat' dir='ltr'><strong>iunctiores,</strong></span> <span class='ocrx_word' id='word_1_32' title='bbox 810 1543 913 1625; x_wconf 86' lang='lat' dir='ltr'>aliqui</span> <span class='ocrx_word' id='word_1_33' title='bbox 937 1543 1028 1612; x_wconf 87' lang='lat' dir='ltr'><strong>vices</strong></span> <span class='ocrx_word' id='word_1_34' title='bbox 1051 1543 1168 1626; x_wconf 90' lang='lat' dir='ltr'><strong>musei,</strong></span> <span class='ocrx_word' id='word_1_35' title='bbox 1197 1543 1433 1612; x_wconf 91' lang='lat' dir='ltr'><strong>institutorum</strong></span> 
     </span>
     <span class='ocr_line' id='line_1_7' title="bbox 433 1642 1434 1726; baseline -0.001 -14"><span class='ocrx_word' id='word_1_36' title='bbox 433 1642 664 1712; x_wconf 70' lang='lat' dir='ltr'><strong>beneficentiae</strong></span> <span class='ocrx_word' id='word_1_37' title='bbox 679 1643 850 1725; x_wconf 85' lang='lat' dir='ltr'><strong>quondam</strong></span> <span class='ocrx_word' id='word_1_38' title='bbox 866 1664 888 1712; x_wconf 91' lang='lat' dir='ltr'><strong>a</strong></span> <span class='ocrx_word' id='word_1_39' title='bbox 902 1643 1050 1712; x_wconf 90' lang='lat' dir='ltr'><strong>Vantine</strong></span> <span class='ocrx_word' id='word_1_40' title='bbox 1071 1643 1266 1712; x_wconf 91' lang='lat' dir='ltr'><strong>adiutorum</strong></span> <span class='ocrx_word' id='word_1_41' title='bbox 1282 1650 1434 1726; x_wconf 83' lang='lat' dir='ltr'><strong>agentes,</strong></span> 
     </span>
     <span class='ocr_line' id='line_1_8' title="bbox 434 1741 1434 1825; baseline -0.001 -14"><span class='ocrx_word' id='word_1_42' title='bbox 434 1742 537 1824; x_wconf 83' lang='lat' dir='ltr'><strong>aliqui</strong></span> <span class='ocrx_word' id='word_1_43' title='bbox 552 1741 649 1811; x_wconf 74' lang='lat' dir='ltr'><strong>antici</strong></span> <span class='ocrx_word' id='word_1_44' title='bbox 665 1749 700 1811; x_wconf 91' lang='lat' dir='ltr'><strong>et</strong></span> <span class='ocrx_word' id='word_1_45' title='bbox 715 1743 901 1824; x_wconf 84' lang='lat' dir='ltr'><strong>necessarii,</strong></span> <span class='ocrx_word' id='word_1_46' title='bbox 917 1765 979 1812; x_wconf 92' lang='lat' dir='ltr'><strong>nec</strong></span> <span class='ocrx_word' id='word_1_47' title='bbox 994 1742 1118 1825; x_wconf 90' lang='lat' dir='ltr'><strong>plures.</strong></span> <span class='ocrx_word' id='word_1_48' title='bbox 1134 1743 1186 1812; x_wconf 87' lang='lat' dir='ltr'><strong>Ex</strong></span> <span class='ocrx_word' id='word_1_49' title='bbox 1200 1765 1325 1825; x_wconf 88' lang='lat' dir='ltr'><strong>magno</strong></span> <span class='ocrx_word' id='word_1_50' title='bbox 1334 1764 1434 1812; x_wconf 91' lang='lat' dir='ltr'><strong>mun-</strong></span> 
     </span>
     <span class='ocr_line' id='line_1_9' title="bbox 433 1841 1433 1925; baseline -0.001 -14"><span class='ocrx_word' id='word_1_51' title='bbox 433 1841 616 1911; x_wconf 90' lang='lat' dir='ltr'><strong>ditheatro</strong></span> <span class='ocrx_word' id='word_1_52' title='bbox 640 1841 690 1911; x_wconf 93' lang='lat' dir='ltr'><strong>ita</strong></span> <span class='ocrx_word' id='word_1_53' title='bbox 715 1842 856 1911; x_wconf 85' lang='lat' dir='ltr'><strong>excessit</strong></span> <span class='ocrx_word' id='word_1_54' title='bbox 882 1849 917 1910; x_wconf 93' lang='lat' dir='ltr'><strong>et</strong></span> <span class='ocrx_word' id='word_1_55' title='bbox 943 1842 1076 1924; x_wconf 88' lang='lat' dir='ltr'><strong>excidit,</strong></span> <span class='ocrx_word' id='word_1_56' title='bbox 1097 1849 1138 1912; x_wconf 90' lang='lat' dir='ltr'><strong>ut</strong></span> <span class='ocrx_word' id='word_1_57' title='bbox 1153 1842 1208 1912; x_wconf 93' lang='lat' dir='ltr'><strong>vel</strong></span> <span class='ocrx_word' id='word_1_58' title='bbox 1223 1841 1433 1925; x_wconf 87' lang='lat' dir='ltr'><strong>superficiem</strong></span> 
     </span>
     <span class='ocr_line' id='line_1_10' title="bbox 433 1941 1434 2025; baseline -0.001 -13"><span class='ocrx_word' id='word_1_59' title='bbox 433 1963 542 2025; x_wconf 88' lang='lat' dir='ltr'><strong>aquae,</strong></span> <span class='ocrx_word' id='word_1_60' title='bbox 557 1949 599 2011; x_wconf 91' lang='lat' dir='ltr'><strong>ut</strong></span> <span class='ocrx_word' id='word_1_61' title='bbox 612 1941 661 2010; x_wconf 87' lang='lat' dir='ltr'><strong>ita</strong></span> <span class='ocrx_word' id='word_1_62' title='bbox 676 1941 795 2024; x_wconf 89' lang='lat' dir='ltr'><strong>dicam,</strong></span> <span class='ocrx_word' id='word_1_63' title='bbox 809 1941 979 2011; x_wconf 77' lang='lat' dir='ltr'><strong>lenissima</strong></span> <span class='ocrx_word' id='word_1_64' title='bbox 993 1941 1123 2012; x_wconf 78' lang='lat' dir='ltr'><strong>undula</strong></span> <span class='ocrx_word' id='word_1_65' title='bbox 1138 1945 1306 2024; x_wconf 78' lang='lat' dir='ltr'><strong>succussa,</strong></span> <span class='ocrx_word' id='word_1_66' title='bbox 1318 1942 1434 2011; x_wconf 89' lang='lat' dir='ltr'><strong>turba·</strong></span> 
     </span>
     <span class='ocr_line' id='line_1_11' title="bbox 433 2041 1433 2125; baseline -0.001 -13"><span class='ocrx_word' id='word_1_67' title='bbox 433 2064 471 2112; x_wconf 91' lang='lat' dir='ltr'><strong>re</strong></span> <span class='ocrx_word' id='word_1_68' title='bbox 485 2041 678 2125; x_wconf 87' lang='lat' dir='ltr'><strong>videretur;</strong></span> <span class='ocrx_word' id='word_1_69' title='bbox 694 2064 712 2110; x_wconf 94' lang='lat' dir='ltr'><strong>e</strong></span> <span class='ocrx_word' id='word_1_70' title='bbox 727 2041 859 2111; x_wconf 88' lang='lat' dir='ltr'><strong>cunctis</strong></span> <span class='ocrx_word' id='word_1_71' title='bbox 873 2041 935 2111; x_wconf 89' lang='lat' dir='ltr'><strong>sibi</strong></span> <span class='ocrx_word' id='word_1_72' title='bbox 950 2041 1083 2124; x_wconf 91' lang='lat' dir='ltr'><strong>iunctis,</strong></span> <span class='ocrx_word' id='word_1_73' title='bbox 1100 2042 1210 2112; x_wconf 89' lang='lat' dir='ltr'><strong>dicere</strong></span> <span class='ocrx_word' id='word_1_74' title='bbox 1219 2064 1288 2112; x_wconf 92' lang='lat' dir='ltr'><strong>non</strong></span> <span class='ocrx_word' id='word_1_75' title='bbox 1304 2041 1433 2124; x_wconf 90' lang='lat' dir='ltr'><strong>dubito,</strong></span> 
     </span>
     <span class='ocr_line' id='line_1_12' title="bbox 432 2141 1431 2224; baseline 0.002 -14"><span class='ocrx_word' id='word_1_76' title='bbox 432 2141 540 2211; x_wconf 89' lang='lat' dir='ltr'><strong>fidum</strong></span> <span class='ocrx_word' id='word_1_77' title='bbox 555 2141 662 2211; x_wconf 89' lang='lat' dir='ltr'><strong>Parks</strong></span> <span class='ocrx_word' id='word_1_78' title='bbox 677 2141 853 2224; x_wconf 80' lang='lat' dir='ltr'><strong>aegerrime</strong></span> <span class='ocrx_word' id='word_1_79' title='bbox 869 2142 942 2212; x_wconf 90' lang='lat' dir='ltr'><strong>eius</strong></span> <span class='ocrx_word' id='word_1_80' title='bbox 956 2149 1102 2211; x_wconf 90' lang='lat' dir='ltr'><strong>mortem</strong></span> <span class='ocrx_word' id='word_1_81' title='bbox 1116 2141 1279 2212; x_wconf 90' lang='lat' dir='ltr'><strong>laturum.</strong></span> <span class='ocrx_word' id='word_1_82' title='bbox 1313 2142 1431 2212; x_wconf 90' lang='lat' dir='ltr'><strong>Vanti·</strong></span> 
     </span>
     <span class='ocr_line' id='line_1_13' title="bbox 433 2241 1433 2325; baseline -0.001 -14"><span class='ocrx_word' id='word_1_83' title='bbox 433 2263 477 2311; x_wconf 91' lang='lat' dir='ltr'><strong>ne</strong></span> <span class='ocrx_word' id='word_1_84' title='bbox 492 2241 592 2323; x_wconf 91' lang='lat' dir='ltr'><strong>enim,</strong></span> <span class='ocrx_word' id='word_1_85' title='bbox 608 2242 756 2323; x_wconf 90' lang='lat' dir='ltr'><strong>quodam</strong></span> <span class='ocrx_word' id='word_1_86' title='bbox 771 2263 883 2324; x_wconf 91' lang='lat' dir='ltr'><strong>sensu,</strong></span> <span class='ocrx_word' id='word_1_87' title='bbox 909 2242 1010 2311; x_wconf 93' lang='lat' dir='ltr'><strong>homo</strong></span> <span class='ocrx_word' id='word_1_88' title='bbox 1033 2242 1103 2311; x_wconf 83' lang='lat' dir='ltr'><strong>fuit</strong></span> <span class='ocrx_word' id='word_1_89' title='bbox 1126 2241 1312 2323; x_wconf 89' lang='lat' dir='ltr'><strong>solitarius;</strong></span> <span class='ocrx_word' id='word_1_90' title='bbox 1334 2242 1433 2325; x_wconf 87' lang='lat' dir='ltr'><strong>pauci</strong></span> 
     </span>
     <span class='ocr_line' id='line_1_14' title="bbox 433 2341 1433 2424; baseline 0 -14"><span class='ocrx_word' id='word_1_91' title='bbox 433 2341 468 2411; x_wconf 92' lang='lat' dir='ltr'><strong>in</strong></span> <span class='ocrx_word' id='word_1_92' title='bbox 484 2341 601 2411; x_wconf 88' lang='lat' dir='ltr'><strong>Platea</strong></span> <span class='ocrx_word' id='word_1_93' title='bbox 613 2341 827 2411; x_wconf 90' lang='lat' dir='ltr'><strong>ambulantes</strong></span> <span class='ocrx_word' id='word_1_94' title='bbox 841 2350 930 2411; x_wconf 92' lang='lat' dir='ltr'><strong>nutu</strong></span> <span class='ocrx_word' id='word_1_95' title='bbox 953 2341 1052 2411; x_wconf 89' lang='lat' dir='ltr'><strong>toties</strong></span> <span class='ocrx_word' id='word_1_96' title='bbox 1073 2363 1280 2424; x_wconf 89' lang='lat' dir='ltr'><strong>quemquam</strong></span> <span class='ocrx_word' id='word_1_97' title='bbox 1307 2341 1433 2411; x_wconf 88' lang='lat' dir='ltr'><strong>saluta-</strong></span> 
     </span>
     <span class='ocr_line' id='line_1_15' title="bbox 434 2440 1432 2524; baseline 0 -14"><span class='ocrx_word' id='word_1_98' title='bbox 434 2447 527 2522; x_wconf 88' lang='lat' dir='ltr'><strong>runt,</strong></span> <span class='ocrx_word' id='word_1_99' title='bbox 542 2449 657 2510; x_wconf 88' lang='lat' dir='ltr'><strong>tamen</strong></span> <span class='ocrx_word' id='word_1_100' title='bbox 672 2440 765 2510; x_wconf 89' lang='lat' dir='ltr'><strong>haud</strong></span> <span class='ocrx_word' id='word_1_101' title='bbox 780 2440 879 2510; x_wconf 90' lang='lat' dir='ltr'><strong>multi</strong></span> <span class='ocrx_word' id='word_1_102' title='bbox 895 2448 977 2510; x_wconf 91' lang='lat' dir='ltr'><strong>sunt</strong></span> <span class='ocrx_word' id='word_1_103' title='bbox 992 2441 1092 2510; x_wconf 90' lang='lat' dir='ltr'><strong>toties</strong></span> <span class='ocrx_word' id='word_1_104' title='bbox 1113 2441 1173 2510; x_wconf 91' lang='lat' dir='ltr'><strong>soli</strong></span> <span class='ocrx_word' id='word_1_105' title='bbox 1195 2441 1326 2524; x_wconf 88' lang='lat' dir='ltr'><strong>pransi;</strong></span> <span class='ocrx_word' id='word_1_106' title='bbox 1359 2447 1432 2510; x_wconf 90' lang='lat' dir='ltr'><strong>tan·</strong></span> 
     </span>
     <span class='ocr_line' id='line_1_16' title="bbox 434 2539 1430 2622; baseline 0.001 -13"><span class='ocrx_word' id='word_1_107' title='bbox 434 2547 509 2609; x_wconf 94' lang='lat' dir='ltr'><strong>tum</strong></span> <span class='ocrx_word' id='word_1_108' title='bbox 525 2541 615 2609; x_wconf 91' lang='lat' dir='ltr'><strong>enim</strong></span> <span class='ocrx_word' id='word_1_109' title='bbox 630 2539 664 2608; x_wconf 92' lang='lat' dir='ltr'><strong>in</strong></span> <span class='ocrx_word' id='word_1_110' title='bbox 680 2563 720 2609; x_wconf 92' lang='lat' dir='ltr'><strong>eo</strong></span> <span class='ocrx_word' id='word_1_111' title='bbox 735 2540 805 2609; x_wconf 82' lang='lat' dir='ltr'><strong>fuit</strong></span> <span class='ocrx_word' id='word_1_112' title='bbox 830 2540 1053 2622; x_wconf 75' lang='lat' dir='ltr'><strong>abstinentiae,</strong></span> <span class='ocrx_word' id='word_1_113' title='bbox 1080 2547 1121 2610; x_wconf 92' lang='lat' dir='ltr'><strong>ut</strong></span> <span class='ocrx_word' id='word_1_114' title='bbox 1146 2541 1327 2610; x_wconf 88' lang='lat' dir='ltr'><strong>amicitiam</strong></span> <span class='ocrx_word' id='word_1_115' title='bbox 1350 2562 1430 2610; x_wconf 86' lang='lat' dir='ltr'><strong>curn</strong></span> 
     </span>
     <span class='ocr_line' id='line_1_17' title="bbox 433 2640 1432 2723; baseline -0.001 -12"><span class='ocrx_word' id='word_1_116' title='bbox 433 2663 474 2711; x_wconf 93' lang='lat' dir='ltr'><strong>eo</strong></span> <span class='ocrx_word' id='word_1_117' title='bbox 488 2641 642 2710; x_wconf 90' lang='lat' dir='ltr'><strong>intimam</strong></span> <span class='ocrx_word' id='word_1_118' title='bbox 658 2640 863 2710; x_wconf 90' lang='lat' dir='ltr'><strong>verecundia</strong></span> <span class='ocrx_word' id='word_1_119' title='bbox 877 2640 1073 2710; x_wconf 87' lang='lat' dir='ltr'><strong>deterreret.</strong></span> <span class='ocrx_word' id='word_1_120' title='bbox 1101 2642 1139 2710; x_wconf 90' lang='lat' dir='ltr'><strong>In</strong></span> <span class='ocrx_word' id='word_1_121' title='bbox 1156 2663 1299 2723; x_wconf 91' lang='lat' dir='ltr'><strong>summa,</strong></span> <span class='ocrx_word' id='word_1_122' title='bbox 1314 2641 1432 2710; x_wconf 85' lang='lat' dir='ltr'><strong>Vanti-</strong></span> 
     </span>
     <span class='ocr_line' id='line_1_18' title="bbox 433 2738 1435 2824; baseline 0 -15"><span class='ocrx_word' id='word_1_123' title='bbox 433 2762 478 2809; x_wconf 92' lang='lat' dir='ltr'><strong>ne</strong></span> <span class='ocrx_word' id='word_1_124' title='bbox 491 2740 593 2809; x_wconf 93' lang='lat' dir='ltr'><strong>homo</strong></span> <span class='ocrx_word' id='word_1_125' title='bbox 607 2738 686 2822; x_wconf 81' lang='lat' dir='ltr'><strong>fuit,</strong></span> <span class='ocrx_word' id='word_1_126' title='bbox 702 2747 742 2809; x_wconf 91' lang='lat' dir='ltr'><strong>ut</strong></span> <span class='ocrx_word' id='word_1_127' title='bbox 757 2741 808 2809; x_wconf 92' lang='lat' dir='ltr'><strong>sui</strong></span> <span class='ocrx_word' id='word_1_128' title='bbox 825 2740 948 2808; x_wconf 93' lang='lat' dir='ltr'><strong>similes</strong></span> <span class='ocrx_word' id='word_1_129' title='bbox 962 2741 1072 2824; x_wconf 90' lang='lat' dir='ltr'><strong>multi,</strong></span> <span class='ocrx_word' id='word_1_130' title='bbox 1088 2741 1146 2824; x_wconf 93' lang='lat' dir='ltr'><strong>qui</strong></span> <span class='ocrx_word' id='word_1_131' title='bbox 1161 2740 1324 2824; x_wconf 92' lang='lat' dir='ltr'><strong>plurimos</strong></span> <span class='ocrx_word' id='word_1_132' title='bbox 1334 2741 1369 2809; x_wconf 92' lang='lat' dir='ltr'><strong>in</strong></span> <span class='ocrx_word' id='word_1_133' title='bbox 1385 2749 1435 2809; x_wconf 91' lang='lat' dir='ltr'><strong>to-</strong></span> 
     </span>
     <span class='ocr_line' id='line_1_19' title="bbox 434 2839 1235 2924; baseline -0.001 -15"><span class='ocrx_word' id='word_1_134' title='bbox 434 2847 470 2910; x_wconf 93' lang='lat' dir='ltr'><strong>to</strong></span> <span class='ocrx_word' id='word_1_135' title='bbox 485 2839 566 2909; x_wconf 90' lang='lat' dir='ltr'><strong>orbe</strong></span> <span class='ocrx_word' id='word_1_136' title='bbox 580 2847 779 2909; x_wconf 90' lang='lat' dir='ltr'><strong>numerarat</strong></span> <span class='ocrx_word' id='word_1_137' title='bbox 793 2847 901 2922; x_wconf 92' lang='lat' dir='ltr'><strong>notos,</strong></span> <span class='ocrx_word' id='word_1_138' title='bbox 916 2839 1041 2910; x_wconf 89' lang='lat' dir='ltr'><strong>amicos</strong></span> <span class='ocrx_word' id='word_1_139' title='bbox 1056 2862 1235 2924; x_wconf 89' lang='lat' dir='ltr'><strong>nusquam.</strong></span> 
     </span>
    </p>
   </div>
   <div class='ocr_carea' id='block_1_4' title="bbox 430 2987 1435 4268">
    <p class='ocr_par' dir='ltr' id='par_1_4' title="bbox 430 2987 1435 4268">
     <span class='ocr_line' id='line_1_20' title="bbox 517 2987 1430 3072; baseline 0.001 -15"><span class='ocrx_word' id='word_1_140' title='bbox 517 2989 567 3058; x_wconf 84' lang='lat' dir='ltr'><strong>Ea</strong></span> <span class='ocrx_word' id='word_1_141' title='bbox 580 2995 679 3057; x_wconf 92' lang='lat' dir='ltr'><strong>nocte</strong></span> <span class='ocrx_word' id='word_1_142' title='bbox 694 2987 784 3057; x_wconf 93' lang='lat' dir='ltr'><strong>domi</strong></span> <span class='ocrx_word' id='word_1_143' title='bbox 799 3010 886 3057; x_wconf 88' lang='lat' dir='ltr'><strong>meae</strong></span> <span class='ocrx_word' id='word_1_144' title='bbox 900 2987 1021 3057; x_wconf 89' lang='lat' dir='ltr'><strong>sedens</strong></span> <span class='ocrx_word' id='word_1_145' title='bbox 1035 2988 1108 3059; x_wconf 89' lang='lat' dir='ltr'><strong>haec</strong></span> <span class='ocrx_word' id='word_1_146' title='bbox 1122 3011 1257 3058; x_wconf 90' lang='lat' dir='ltr'><strong>mecum</strong></span> <span class='ocrx_word' id='word_1_147' title='bbox 1278 2989 1430 3072; x_wconf 89' lang='lat' dir='ltr'><strong>aliquan-</strong></span> 
     </span>
     <span class='ocr_line' id='line_1_21' title="bbox 434 3087 1431 3172; baseline 0 -14"><span class='ocrx_word' id='word_1_148' title='bbox 434 3095 509 3158; x_wconf 91' lang='lat' dir='ltr'><strong>tum</strong></span> <span class='ocrx_word' id='word_1_149' title='bbox 525 3087 745 3156; x_wconf 90' lang='lat' dir='ltr'><strong>contristatus</strong></span> <span class='ocrx_word' id='word_1_150' title='bbox 760 3087 970 3171; x_wconf 88' lang='lat' dir='ltr'><strong>reputabam,</strong></span> <span class='ocrx_word' id='word_1_151' title='bbox 984 3110 1048 3156; x_wconf 92' lang='lat' dir='ltr'><strong>nec</strong></span> <span class='ocrx_word' id='word_1_152' title='bbox 1063 3089 1135 3158; x_wconf 90' lang='lat' dir='ltr'><strong>sine</strong></span> <span class='ocrx_word' id='word_1_153' title='bbox 1160 3089 1376 3172; x_wconf 90' lang='lat' dir='ltr'><strong>inquisitione</strong></span> <span class='ocrx_word' id='word_1_154' title='bbox 1397 3089 1431 3158; x_wconf 89' lang='lat' dir='ltr'><strong>in</strong></span> 
     </span>
     <span class='ocr_line' id='line_1_22' title="bbox 433 3187 1434 3272; baseline 0.003 -17"><span class='ocrx_word' id='word_1_155' title='bbox 433 3187 606 3272; x_wconf 80' lang='lat' dir='ltr'><strong>proprium</strong></span> <span class='ocrx_word' id='word_1_156' title='bbox 622 3187 727 3270; x_wconf 90' lang='lat' dir='ltr'><strong>ipsius</strong></span> <span class='ocrx_word' id='word_1_157' title='bbox 741 3188 806 3256; x_wconf 92' lang='lat' dir='ltr'><strong>mei</strong></span> <span class='ocrx_word' id='word_1_158' title='bbox 822 3187 856 3255; x_wconf 92' lang='lat' dir='ltr'><strong>in</strong></span> <span class='ocrx_word' id='word_1_159' title='bbox 871 3188 1009 3269; x_wconf 92' lang='lat' dir='ltr'><strong>mundo,</strong></span> <span class='ocrx_word' id='word_1_160' title='bbox 1025 3189 1260 3270; x_wconf 88' lang='lat' dir='ltr'><strong>societatisque</strong></span> <span class='ocrx_word' id='word_1_161' title='bbox 1273 3189 1434 3258; x_wconf 89' lang='lat' dir='ltr'><strong>humanae</strong></span> 
     </span>
     <span class='ocr_line' id='line_1_23' title="bbox 433 3287 1432 3371; baseline 0 -14"><span class='ocrx_word' id='word_1_162' title='bbox 433 3288 544 3357; x_wconf 92' lang='lat' dir='ltr'><strong>locum</strong></span> <span class='ocrx_word' id='word_1_163' title='bbox 559 3294 663 3369; x_wconf 90' lang='lat' dir='ltr'><strong>atque</strong></span> <span class='ocrx_word' id='word_1_164' title='bbox 678 3293 816 3355; x_wconf 88' lang='lat' dir='ltr'><strong>statum.</strong></span> <span class='ocrx_word' id='word_1_165' title='bbox 839 3287 961 3357; x_wconf 90' lang='lat' dir='ltr'><strong>Procul</strong></span> <span class='ocrx_word' id='word_1_166' title='bbox 977 3287 1079 3356; x_wconf 90' lang='lat' dir='ltr'><strong>dubio</strong></span> <span class='ocrx_word' id='word_1_167' title='bbox 1103 3287 1254 3371; x_wconf 85' lang='lat' dir='ltr'><strong>plerique</strong></span> <span class='ocrx_word' id='word_1_168' title='bbox 1277 3295 1432 3358; x_wconf 90' lang='lat' dir='ltr'><strong>nostrum</strong></span> 
     </span>
     <span class='ocr_line' id='line_1_24' title="bbox 433 3386 1435 3471; baseline 0.001 -15"><span class='ocrx_word' id='word_1_169' title='bbox 433 3386 526 3456; x_wconf 90' lang='lat' dir='ltr'><strong>haud</strong></span> <span class='ocrx_word' id='word_1_170' title='bbox 541 3407 663 3469; x_wconf 84' lang='lat' dir='ltr'><strong>pamm</strong></span> <span class='ocrx_word' id='word_1_171' title='bbox 678 3387 923 3455; x_wconf 87' lang='lat' dir='ltr'><strong>contristantur</strong></span> <span class='ocrx_word' id='word_1_172' title='bbox 938 3409 1046 3468; x_wconf 91' lang='lat' dir='ltr'><strong>quum</strong></span> <span class='ocrx_word' id='word_1_173' title='bbox 1067 3388 1254 3471; x_wconf 89' lang='lat' dir='ltr'><strong>perspicere</strong></span> <span class='ocrx_word' id='word_1_174' title='bbox 1268 3387 1435 3470; x_wconf 92' lang='lat' dir='ltr'><strong>incipiunt</strong></span> 
     </span>
     <span class='ocr_line' id='line_1_25' title="bbox 434 3486 1434 3571; baseline 0 -15"><span class='ocrx_word' id='word_1_175' title='bbox 434 3509 537 3571; x_wconf 89' lang='lat' dir='ltr'><strong>quam</strong></span> <span class='ocrx_word' id='word_1_176' title='bbox 563 3486 677 3570; x_wconf 85' lang='lat' dir='ltr'><strong>exigui</strong></span> <span class='ocrx_word' id='word_1_177' title='bbox 704 3487 771 3556; x_wconf 90' lang='lat' dir='ltr'><strong>sint</strong></span> <span class='ocrx_word' id='word_1_178' title='bbox 800 3486 835 3555; x_wconf 96' lang='lat' dir='ltr'><strong>in</strong></span> <span class='ocrx_word' id='word_1_179' title='bbox 861 3487 989 3555; x_wconf 91' lang='lat' dir='ltr'><strong>mundo</strong></span> <span class='ocrx_word' id='word_1_180' title='bbox 1015 3487 1187 3557; x_wconf 89' lang='lat' dir='ltr'><strong>momenti.</strong></span> <span class='ocrx_word' id='word_1_181' title='bbox 1209 3487 1350 3557; x_wconf 91' lang='lat' dir='ltr'><strong>Plurimi</strong></span> <span class='ocrx_word' id='word_1_182' title='bbox 1374 3510 1434 3557; x_wconf 93' lang='lat' dir='ltr'><strong>no-</strong></span> 
     </span>
     <span class='ocr_line' id='line_1_26' title="bbox 433 3585 1434 3669; baseline 0.001 -13"><span class='ocrx_word' id='word_1_183' title='bbox 433 3594 553 3668; x_wconf 92' lang='lat' dir='ltr'><strong>strum,</strong></span> <span class='ocrx_word' id='word_1_184' title='bbox 569 3586 596 3656; x_wconf 93' lang='lat' dir='ltr'><strong>si</strong></span> <span class='ocrx_word' id='word_1_185' title='bbox 612 3585 770 3669; x_wconf 87' lang='lat' dir='ltr'><strong>postridie</strong></span> <span class='ocrx_word' id='word_1_186' title='bbox 786 3607 858 3656; x_wconf 86' lang='lat' dir='ltr'><strong>suae</strong></span> <span class='ocrx_word' id='word_1_187' title='bbox 883 3586 1068 3669; x_wconf 87' lang='lat' dir='ltr'><strong>sepulturae</strong></span> <span class='ocrx_word' id='word_1_188' title='bbox 1093 3587 1182 3657; x_wconf 91' lang='lat' dir='ltr'><strong>inter</strong></span> <span class='ocrx_word' id='word_1_189' title='bbox 1207 3587 1304 3657; x_wconf 89' lang='lat' dir='ltr'><strong>vivos</strong></span> <span class='ocrx_word' id='word_1_190' title='bbox 1325 3589 1434 3658; x_wconf 87' lang='lat' dir='ltr'><strong>redire</strong></span> 
     </span>
     <span class='ocr_line' id='line_1_27' title="bbox 433 3685 1434 3770; baseline 0.001 -14"><span class='ocrx_word' id='word_1_191' title='bbox 433 3693 580 3770; x_wconf 87' lang='lat' dir='ltr'><strong>possent,</strong></span> <span class='ocrx_word' id='word_1_192' title='bbox 611 3685 683 3755; x_wconf 90' lang='lat' dir='ltr'><strong>sine</strong></span> <span class='ocrx_word' id='word_1_193' title='bbox 713 3685 923 3756; x_wconf 86' lang='lat' dir='ltr'><strong>dubitatione</strong></span> <span class='ocrx_word' id='word_1_194' title='bbox 946 3686 1039 3756; x_wconf 93' lang='lat' dir='ltr'><strong>haud</strong></span> <span class='ocrx_word' id='word_1_195' title='bbox 1070 3707 1191 3769; x_wconf 93' lang='lat' dir='ltr'><strong>parum</strong></span> <span class='ocrx_word' id='word_1_196' title='bbox 1216 3687 1434 3758; x_wconf 90' lang='lat' dir='ltr'><strong>cohorrerent</strong></span> 
     </span>
     <span class='ocr_line' id='line_1_28' title="bbox 434 3785 1432 3870; baseline 0.002 -15"><span class='ocrx_word' id='word_1_197' title='bbox 434 3807 541 3870; x_wconf 92' lang='lat' dir='ltr'><strong>quum</strong></span> <span class='ocrx_word' id='word_1_198' title='bbox 557 3785 784 3869; x_wconf 90' lang='lat' dir='ltr'><strong>perspicerent</strong></span> <span class='ocrx_word' id='word_1_199' title='bbox 806 3807 908 3868; x_wconf 89' lang='lat' dir='ltr'><strong>quam</strong></span> <span class='ocrx_word' id='word_1_200' title='bbox 935 3785 1012 3855; x_wconf 87' lang='lat' dir='ltr'><strong>laete</strong></span> <span class='ocrx_word' id='word_1_201' title='bbox 1037 3785 1188 3856; x_wconf 90' lang='lat' dir='ltr'><strong>mundus</strong></span> <span class='ocrx_word' id='word_1_202' title='bbox 1211 3807 1320 3869; x_wconf 91' lang='lat' dir='ltr'><strong>usque</strong></span> <span class='ocrx_word' id='word_1_203' title='bbox 1344 3795 1432 3857; x_wconf 88' lang='lat' dir='ltr'><strong>sata·</strong></span> 
     </span>
     <span class='ocr_line' id='line_1_29' title="bbox 433 3883 1433 3969; baseline 0.001 -14"><span class='ocrx_word' id='word_1_204' title='bbox 433 3885 546 3969; x_wconf 87' lang='lat' dir='ltr'><strong>gendo</strong></span> <span class='ocrx_word' id='word_1_205' title='bbox 569 3884 739 3955; x_wconf 88' lang='lat' dir='ltr'><strong>cursaret!</strong></span> <span class='ocrx_word' id='word_1_206' title='bbox 760 3883 835 3954; x_wconf 90' lang='lat' dir='ltr'><strong>Scio</strong></span> <span class='ocrx_word' id='word_1_207' title='bbox 864 3884 954 3954; x_wconf 89' lang='lat' dir='ltr'><strong>enim</strong></span> <span class='ocrx_word' id='word_1_208' title='bbox 984 3885 1153 3955; x_wconf 90' lang='lat' dir='ltr'><strong>mundum</strong></span> <span class='ocrx_word' id='word_1_209' title='bbox 1176 3908 1230 3956; x_wconf 91' lang='lat' dir='ltr'><strong>me</strong></span> <span class='ocrx_word' id='word_1_210' title='bbox 1254 3887 1433 3957; x_wconf 87' lang='lat' dir='ltr'><strong>evanuisse</strong></span> 
     </span>
     <span class='ocr_line' id='line_1_30' title="bbox 433 3984 1433 4068; baseline 0.001 -14"><span class='ocrx_word' id='word_1_211' title='bbox 433 3985 527 4056; x_wconf 91' lang='lat' dir='ltr'><strong>haud</strong></span> <span class='ocrx_word' id='word_1_212' title='bbox 542 3984 620 4068; x_wconf 90' lang='lat' dir='ltr'><strong>plus</strong></span> <span class='ocrx_word' id='word_1_213' title='bbox 633 3991 874 4067; x_wconf 90' lang='lat' dir='ltr'><strong>percepturum</strong></span> <span class='ocrx_word' id='word_1_214' title='bbox 896 4005 999 4066; x_wconf 93' lang='lat' dir='ltr'><strong>quam</strong></span> <span class='ocrx_word' id='word_1_215' title='bbox 1027 3985 1175 4056; x_wconf 91' lang='lat' dir='ltr'><strong>Vantine</strong></span> <span class='ocrx_word' id='word_1_216' title='bbox 1200 3993 1309 4055; x_wconf 92' lang='lat' dir='ltr'><strong>morte</strong></span> <span class='ocrx_word' id='word_1_217' title='bbox 1325 3985 1433 4055; x_wconf 87' lang='lat' dir='ltr'><strong>extin-</strong></span> 
     </span>
     <span class='ocr_line' id='line_1_31' title="bbox 432 4083 1433 4170; baseline 0.002 -16"><span class='ocrx_word' id='word_1_218' title='bbox 432 4093 538 4155; x_wconf 88' lang='lat' dir='ltr'><strong>ctum.</strong></span> <span class='ocrx_word' id='word_1_219' title='bbox 560 4083 728 4167; x_wconf 81' lang='lat' dir='ltr'><strong>Cogitatio</strong></span> <span class='ocrx_word' id='word_1_220' title='bbox 753 4083 827 4153; x_wconf 87' lang='lat' dir='ltr'><strong>haec</strong></span> <span class='ocrx_word' id='word_1_221' title='bbox 849 4084 930 4152; x_wconf 93' lang='lat' dir='ltr'><strong>mihi</strong></span> <span class='ocrx_word' id='word_1_222' title='bbox 956 4083 1048 4154; x_wconf 91' lang='lat' dir='ltr'><strong>haud</strong></span> <span class='ocrx_word' id='word_1_223' title='bbox 1069 4092 1169 4167; x_wconf 84' lang='lat' dir='ltr'><strong>grata</strong></span> <span class='ocrx_word' id='word_1_224' title='bbox 1182 4085 1262 4168; x_wconf 90' lang='lat' dir='ltr'><strong>fuit,</strong></span> <span class='ocrx_word' id='word_1_225' title='bbox 1278 4085 1370 4170; x_wconf 91' lang='lat' dir='ltr'><strong>quod</strong></span> <span class='ocrx_word' id='word_1_226' title='bbox 1391 4108 1433 4156; x_wconf 89' lang='lat' dir='ltr'><strong>ea</strong></span> 
     </span>
     <span class='ocr_line' id='line_1_32' title="bbox 430 4183 1110 4268; baseline 0 -13"><span class='ocrx_word' id='word_1_227' title='bbox 430 4185 543 4268; x_wconf 90' lang='lat' dir='ltr'><strong>aliquo</strong></span> <span class='ocrx_word' id='word_1_228' title='bbox 558 4184 694 4254; x_wconf 82' lang='lat' dir='ltr'><strong>defectu</strong></span> <span class='ocrx_word' id='word_1_229' title='bbox 710 4183 862 4254; x_wconf 88' lang='lat' dir='ltr'><strong>laborare</strong></span> <span class='ocrx_word' id='word_1_230' title='bbox 876 4205 932 4253; x_wconf 90' lang='lat' dir='ltr'><strong>me</strong></span> <span class='ocrx_word' id='word_1_231' title='bbox 947 4185 1110 4268; x_wconf 82' lang='lat' dir='ltr'><strong>coarguit.</strong></span> 
     </span>
    </p>
   </div>
   <div class='ocr_carea' id='block_1_5' title="bbox 0 0 1772 5156">
    <p class='ocr_par' dir='ltr' id='par_1_5' title="bbox 0 0 1772 5156">
     <span class='ocr_line' id='line_1_33' title="bbox 0 0 1772 5156; baseline 0 0"><span class='ocrx_word' id='word_1_232' title='bbox 0 0 1772 5156; x_wconf 95' lang='lat' dir='ltr'><strong> </strong></span> 
     </span>
    </p>
   </div>
  </div>
 </body>
</html>
