3500 5158
702 923 891 980 Sillim
911 923 1019 980 ΑΒΜ
1297 909 1360 980 261

443 1090 630 1162 Assecutus
644 1091 790 1176 denique
805 1093 1000 1177 Compitum
1016 1091 1169 1163 Madison
1184 1091 1249 1162 sub
1264 1091 1360 1164 arbo

364 1213 418 1261 res
433 1212 488 1260 me
503 1191 636 1275 diverti,
651 1193 742 1276 quod
757 1194 861 1263 moris
874 1194 941 1262 mei
958 1201 1020 1276 est,
1036 1192 1128 1263 unde
1137 1193 1256 1264 clarior
1266 1200 1318 1263 est
1329 1193 1364 1262 in

361 1292 467 1363 AEdes
480 1291 713 1374 Erugatorias¹
729 1300 938 1377 prospectus,
961 1292 1145 1365 adversum
1168 1295 1291 1364 coelum
1317 1294 1363 1363 al·

363 1393 522 1462 bicantes.
534 1392 628 1462 Illinc
644 1392 678 1462 in
693 1393 832 1463 Turrim
848 1393 1116 1477 Metropolitanae
1130 1393 1294 1464 Caute1ae²
1308 1415 1363 1463 su·

362 1493 456 1575 spexi
470 1493 578 1563 multo
592 1493 756 1576 altiorem,
771 1501 911 1577 aspectu
927 1501 1043 1564 tamen
1057 1495 1172 1564 minus
1186 1494 1362 1578 poeticam,

362 1592 460 1662 cuius
473 1593 594 1676 ingens
608 1592 820 1676 horologium
835 1595 1071 1664 collustratum
1084 1616 1140 1664 me
1154 1595 1365 1665 commonuit
1458 1637 1462 1644 ·

363 1693 431 1762 iarn
445 1693 518 1762 lere
534 1693 698 1763 decimam
712 1715 792 1764 cum
807 1693 945 1764 dimidia
958 1715 1042 1764 esse

447 1792 601 1863 Tandem
615 1793 759 1864 Latavii
772 1794 897 1864 iterum
913 1794 1065 1876 traiecta
1086 1794 1153 1864 iter
1175 1816 1291 1866 meum
1306 1793 1363 1864 de·

363 1914 478 1963 orsum
500 1893 535 1962 in
559 1893 658 1962 Viam
683 1893 891 1976 vigesimam
920 1894 1082 1977 Tertiam,
1107 1915 1229 1965 versus
1254 1895 1364 1965 Mara·

363 1993 503 2063 thonem
517 1993 639 2076 iturus,
655 1993 744 2076 flexi,
767 2015 875 2077 quum
898 2015 1003 2064 comu
1027 2001 1205 2064 assecutus
1227 1993 1363 2064 obviam

364 2094 478 2163 iactus
493 2114 569 2162 sum
583 2093 624 2162 iis
638 2093 750 2163 t1ibus
763 2093 822 2177 qui
837 2095 950 2177 paullo
965 2101 1045 2164 ante
1070 2116 1126 2164 me
1140 2095 1258 2164 eodem
1272 2115 1365 2177 gres·

365 2215 424 2264 sus
447 2215 528 2264 suos
552 2193 759 2264 direxerunt.
782 2194 943 2264 Protinus
968 2195 1094 2277 agnovi
1120 2195 1235 2278 Grady
1260 2203 1364 2278 atque

364 2293 566 2376 Simmonds,
581 2294 616 2362 in
631 2294 742 2363 medio
757 2315 903 2376 quorum
919 2294 1023 2364 herus
1038 2295 1139 2378 Pigot
1153 2295 1270 2365 itabat
1294 2296 1365 2366 Ma·

260 2397 265 2408 ’
364 2395 530 2464 nifestum
544 2401 619 2463 erat
634 2393 748 2477 Grady
764 2393 935 2477 promissis
957 2395 1100 2477 stetisse,
1124 2395 1364 2479 Grandemque

365 2495 464 2566 idam
479 2493 689 2564 Candentem
713 2515 735 2563 a
759 2515 892 2565 summo
906 2494 950 2564 ad
964 2495 1081 2579 imum,
1105 2517 1184 2566 curn
1207 2497 1365 2567 omnibus

366 2594 437 2664 suis
449 2593 661 2663 mirabilibus
687 2593 875 2676 ostendere,
906 2595 1058 2664 muneris
1082 2596 1135 2665 sui
1162 2595 1307 2679 duxisse,
1329 2603 1365 2666 et

366 2693 429 2763 hoc
444 2693 590 2763 maxime
615 2693 754 2776 quidem
780 2693 907 2763 liberali
929 2694 1030 2764 modo
1054 2729 1095 2740 -
1119 2695 1178 2777 qui
1193 2695 1280 2766 ritus
1294 2696 1366 2766 sine

366 2795 469 2864 dubio
484 2793 670 2877 postulavit
685 2801 726 2864 ut
739 2801 879 2863 auctore
894 2816 929 2864 se
942 2794 1065 2878 hospes
1074 2796 1275 2879 peregrinus
1285 2819 1368 2866 cun·

367 2901 423 2964 cta
436 2899 577 2964 temeta³
602 2893 810 2964 Americanis
832 2896 970 2977 propria
994 2895 1193 2978 degustaret
1218 2931 1261 2942 -
1274 2896 1367 2967 unde

367 2996 500 3064 lactum
514 2999 621 3064 estut
636 3015 737 3064 crura
752 2994 867 3077 Grady
882 2995 1006 3064 sensim
1016 2995 1223 3066 vacillarent.
1235 2996 1287 3066 Ex
1296 3018 1366 3066 me·

367 3117 406 3164 ra
434 3093 684 3178 comparatione
710 3094 829 3177 gentili
854 3095 957 3165 etiam
985 3095 1106 3166 herum
1132 3096 1233 3179 Pigot
1261 3097 1367 3167 oculis

368 3194 560 3279 perstrinxi,
575 3193 634 3264 sed
649 3195 758 3278 reperi
773 3217 853 3265 eum
867 3217 1007 3278 prorsus
1021 3196 1093 3266 sine
1108 3196 1184 3266 labe
1198 3218 1281 3268 esse

469 3381 493 3432 1.
510 3377 635 3445 Enopa!
658 3377 709 3442 -ui,
726 3382 814 3431 tum:
831 3395 914 3445 rugas
937 3379 1013 3442 tollo,
1038 3386 1129 3434 vestes
1151 3381 1259 3434 fervido
1284 3383 1367 3445 ferro,

367 3470 512 3531 postquam
526 3479 566 3516 eae
579 3462 642 3516 lotae
655 3462 800 3529 amploque
813 3463 909 3516 tinctae
921 3464 1034 3525 inerint,
1046 3464 1153 3530 laevigo,
1166 3465 1291 3531 explano.
1308 3466 1370 3518 Fer-

368 3564 429 3600 rum
442 3546 641 3612 Erugstorium,
654 3546 726 3599 idem
740 3546 813 3610 quod
837 3561 899 3612 pag.
922 3549 1001 3601 90ms
1025 3547 1229 3614 Levigstorium
1255 3549 1366 3602 Ferrum

369 3629 512 3698 appellavi.

468 3715 493 3766 2.
515 3711 592 3776 Quod
605 3728 655 3766 nos
666 3714 787 3766 Romano
801 3730 875 3768 more
888 3712 1044 3776 cautelam,
1066 3715 1093 3766 h.
1118 3731 1154 3776 e.,
1173 3714 1255 3767 alicui
1273 3715 1368 3778 aliqua

369 3813 398 3850 re
410 3811 513 3850 moero
524 3795 649 3858 dicimus,
667 3795 842 3850 idiomatibus
853 3798 990 3850 modernis
1010 3811 1159 3860 securare,
1183 3796 1369 3860 inaccuran,

368 3879 549 3934 adseverare
562 3879 731 3944 ineptissime
744 3881 893 3946 exprimere
906 3885 1025 3933 tentent.
1041 3881 1163 3933 Romano
1181 3880 1276 3943 itaque
1293 3897 1368 3935 more

370 3965 505 4018 dicemus:
523 3977 608 4015 caveo
618 3961 747 4029 pewnid
759 3961 803 4026 de,
819 3964 863 4016 vel
875 3979 932 4031 pro
949 3963 1084 4024 incendio,
1106 3963 1173 4025 vite,
1198 3965 1242 4016 vel
1267 3966 1369 4018 rectius

370 4045 405 4100 de
416 4050 519 4108 morte,
534 4061 590 4113 pro
602 4049 705 4108 morta
721 4044 765 4109 de,
780 4047 824 4099 vel
837 4062 894 4114 pro
905 4047 1040 4108 incendio,
1053 4062 1136 4099 caveo
1147 4045 1224 4099 mihi
1232 4048 1266 4099 de
1272 4055 1369 4109 morte,

369 4147 424 4199 pro
438 4135 532 4192 morte,
545 4129 658 4181 minime
668 4145 733 4182 vero
744 4128 888 4182 adsecuro
900 4131 995 4191 vitam,
1006 4129 1144 4182 insecura
1155 4130 1322 4184 incendium.

472 4217 498 4268 ³.
518 4212 675 4278 Tantalum,
691 4211 727 4266 -i.·
739 4213 829 4266 omnis
839 4219 920 4280 potus
930 4213 1047 4268 ebriam.
