3536 5156
474 877 642 934 soonam
655 861 827 932 assumor
842 873 1022 930 common
1037 873 1144 928 smus
1248 855 1312 927 227

313 1053 465 1130 quantus
479 1045 581 1116 ludus
596 1045 640 1116 sit
654 1044 853 1115 societatem
867 1043 1054 1113 humanam
1076 1041 1204 1123 ludere,
1220 1047 1256 1111 et
1271 1042 1316 1110 le·

313 1168 375 1230 ges
389 1145 531 1230 pedibus
553 1147 692 1228 calcare,
707 1146 790 1215 item
811 1151 1026 1228 perspectmn
1052 1142 1178 1212 habere
1201 1141 1315 1210 omnia

313 1245 375 1316 tibi
396 1248 485 1317 male
506 1246 658 1328 ominari,
684 1253 719 1316 et
746 1251 862 1314 tamen
890 1245 998 1314 victor
1027 1241 1194 1313 evadere?
1222 1242 1314 1310 Tum

313 1347 427 1428 etiam,
442 1352 592 1430 utputo,
617 1346 787 1416 maximus
813 1345 959 1428 quisque
985 1343 1185 1414 malefactor
1209 1341 1313 1412 etiam

313 1446 528 1530 aliquantum
542 1447 699 1516 insanit.”

396 1544 484 1617 “Vix
498 1545 651 1628 dubito,”
666 1546 841 1616 assentior.

397 1645 562 1717 “Perinde
577 1653 617 1716 ut
633 1647 776 1730 quisque
791 1643 1011 1730 probissimus
1024 1643 1194 1714 modicum
1210 1643 1313 1712 etiam

312 1747 467 1829 insanit,”
481 1747 595 1831 pergit
609 1747 677 1817 cito
691 1747 853 1829 Godfrey.
876 1745 1010 1828 “AEque
1024 1741 1168 1828 quisque
1183 1744 1315 1813 novita-

313 1849 358 1917 tis
385 1855 628 1931 propugnator,
657 1847 920 1929 notionibusque
946 1845 1044 1915 novis
1072 1845 1313 1925 inflammatus,

312 1947 502 2030 paullulum
515 1948 650 2018 insanit.
672 1947 751 2018 Sani
766 1955 848 2018 sunt
862 1947 1015 2017 homines
1030 1946 1175 2016 mediani
1190 1967 1229 2014 ac
1245 1966 1314 2014 me·

312 2047 450 2130 diocres,
466 2047 525 2132 qui
536 2047 618 2118 satis
633 2046 729 2131 probi
740 2055 831 2130 sunt,
846 2055 882 2117 et
896 2055 1012 2116 tamen
1024 2053 1213 2130 opportune
1224 2045 1314 2114 clan-

311 2147 428 2216 culum
442 2149 667 2230 mentiuntur,
683 2148 811 2231 quique
827 2146 970 2217 subinde
985 2169 1006 2216 a
1021 2154 1114 2216 recto
1139 2145 1310 2214 virtutum

312 2248 450 2317 tramite
464 2247 579 2317 seduci
594 2248 721 2329 sinunt,
736 2249 794 2332 qui
806 2247 1016 2330 temporibus
1030 2254 1065 2316 et
1080 2246 1160 2316 locis
1174 2247 1311 2327 cedunt,

312 2353 417 2430 atque
432 2347 540 2417 vitam
565 2347 777 2418 commodam
791 2367 831 2420 ac
846 2347 1064 2430 tranquillam
1090 2346 1214 2415 ducere
1240 2353 1314 2414 ten-

312 2453 398 2516 tant.
414 2447 591 2531 Repetere,
606 2447 653 2516 mi
668 2448 797 2531 Lester,
812 2469 880 2517 non
892 2446 1012 2518 dubito
1023 2447 1114 2516 hunc
1123 2446 1313 2515 homullum

311 2546 476 2630 grandem
492 2569 565 2618 esse
580 2548 845 2630 malefactorem,
867 2549 924 2630 qui
950 2548 1023 2617 vitri
1047 2549 1187 2616 fruatur
1212 2547 1312 2628 longe

310 2647 459 2717 uberiori
483 2670 587 2732 quam
613 2649 686 2718 sive
700 2669 765 2732 ego
780 2649 851 2718 sive
868 2655 916 2718 tu.
933 2649 1028 2717 Aveo
1051 2668 1217 2730 speroque
1232 2669 1312 2716 eum

312 2746 483 2830 quondam
497 2747 678 2818 convenire
693 2769 799 2836 posse,
809 2784 842 2794 -
861 2771 930 2818 non
945 2747 1168 2818 velificatione
1183 2747 1313 2831 pusilla,

311 2853 352 2917 ut
366 2847 494 2930 isthaec,
510 2847 570 2918 sed
585 2849 620 2917 in
635 2869 762 2931 pugna,
787 2849 984 2918 comminus
1017 2849 1091 2932 Ego
1116 2848 1237 2930 utique
1258 2848 1314 2917 de·

311 2947 468 3018 vincerer
492 2970 513 3018 a
538 2948 653 3017 fronte
679 2956 714 3017 et
740 2949 784 3018 ab
809 2949 881 3031 alis,
903 2948 1110 3032 undique-
1126 2954 1241 3018 tamen
1257 2970 1311 3017 me

311 3046 496 3118 oblectaret
505 3047 534 3116 !'’
555 3048 631 3118 finit
646 3049 751 3118 oculis
763 3049 798 3118 in
813 3069 869 3119 me
883 3047 1144 3131 refulgentibus.

394 3146 534 3218 “Omnis
547 3149 711 3218 assentior
721 3148 750 3217 !”
779 3149 930 3232 inquam,
945 3147 1025 3219 “sed
1039 3170 1114 3232 age,
1129 3170 1311 3232 proseque-

311 3269 349 3317 re
363 3253 426 3318 tua
440 3249 601 3318 somnia.”

394 3347 468 3418 “En
481 3347 616 3418 habeto.
637 3349 705 3418 Iste
725 3349 830 3444 herus
853 3349 1005 3420 Armand
1031 3351 1232 3420 malefactor
1258 3357 1312 3419 est

311 3447 461 3531 insignis,
476 3448 574 3532 proin
595 3448 700 3518 habet
721 3449 874 3531 asseclas,
889 3450 1024 3533 quibus,
1050 3450 1216 3533 siquidem
1241 3471 1311 3519 uno

310 3553 463 3631 tempore
492 3548 553 3619 uni
582 3555 720 3618 tantum
748 3550 820 3618 loco
849 3549 1012 3620 interesse
1038 3551 1153 3634 possit,
1169 3551 1204 3619 in
1218 3572 1312 3619 exse-

310 3647 454 3731 quendis
468 3649 672 3732 quibusdam
688 3648 835 3733 negotiis
856 3650 1116 3732 particularibus
1142 3673 1221 3720 eum
1248 3651 1311 3720 niti

310 3770 447 3819 necesse
462 3757 523 3820 est
546 3749 599 3819 Ad
615 3751 689 3819 haec
705 3751 768 3820 rite
783 3747 1049 3821 administranda
1063 3772 1122 3822 eos
1136 3751 1237 3821 nutui
1248 3772 1311 3820 suo

310 3847 545 3932 obtemperare
571 3857 716 3933 oportet.
753 3850 851 3920 Hanc
873 3859 990 3920 autem
1011 3851 1239 3922 obedientiam
1255 3850 1312 3921 ab·

310 3949 433 4019 iectam
448 3956 484 4019 et
498 3971 636 4032 coecarn,
652 3949 704 4020 uti
719 3951 811 4033 apud
827 3951 1063 4022 malefactores
1077 3953 1152 4022 fere
1177 3953 1310 4034 assolet,

309 4071 380 4121 uno
394 4050 528 4120 nonnisi
542 4049 643 4120 modo
658 4051 827 4120 inculcare
842 4058 956 4134 potest
971 4087 1012 4097 —
1028 4053 1159 4122 timore.
1189 4052 1312 4123 Obedi·

309 4151 437 4224 entiam
452 4149 688 4226 recusantibus
701 4173 772 4226 una
797 4173 899 4244 poena
924 4159 1060 4230 unum
1084 4160 1193 4230 est-
1209 4175 1311 4232 mors.
