3500 5158
592 927 686 980 rinno
704 929 812 984 eroon
829 929 964 986 onvmn
981 929 1065 986 nous
1265 915 1328 986 255

413 1096 525 1168 Herus
540 1098 643 1181 Pigot
657 1101 753 1170 velut
770 1101 804 1170 in
820 1099 1092 1183 deprecationem
1106 1123 1229 1171 manus
1254 1123 1329 1186 pro

329 1197 449 1266 tendit.

413 1297 507 1380 “Ego
523 1321 659 1383 quoque
683 1322 781 1383 spero
802 1302 933 1371 labores
955 1309 1086 1371 nostros
1112 1303 1237 1372 effectu
1259 1325 1328 1372 non

329 1398 524 1479 carituros,’'
540 1399 611 1482 ipse
627 1401 817 1483 respondit;
848 1401 988 1471 “verum
1013 1402 1040 1471 si
1065 1403 1198 1471 lictores
1223 1403 1329 1471 vestri

330 1499 462 1568 efficere
476 1500 558 1569 nihil
574 1507 741 1584 poterant,
756 1524 876 1571 vereor
891 1509 931 1571 ut
946 1503 1024 1570 exili
1038 1505 1113 1571 mea
1127 1506 1230 1585 opera
1251 1525 1327 1584 pos·

329 1598 408 1668 sint.
418 1599 493 1681 Ego
503 1602 657 1682 profecto
666 1623 791 1684 magna
806 1602 953 1672 decuriae
968 1610 1093 1671 vestrae
1106 1603 1328 1671 admiratione

329 1704 465 1780 teneor;
487 1700 620 1770 labores
634 1701 706 1770 eius
721 1703 814 1771 miris
830 1702 1009 1772 eventibus
1030 1703 1104 1771 iure
1130 1703 1328 1785 gloriantur,

330 1799 519 1881 praesertim
534 1801 562 1869 si
578 1823 693 1871 rerum
709 1808 837 1871 statum
850 1801 912 1870 sibi
924 1802 1161 1871 obversantem
1177 1825 1219 1870 ex
1230 1825 1329 1885 aequo

330 1899 587 1980 ponderemus.”

412 1997 529 2068 Sermo
555 2006 671 2070 autem
696 2001 769 2072 eius
795 2024 878 2071 voce
904 2009 975 2070 tam
998 2024 1040 2070 ex
1064 2001 1164 2070 corde
1179 2003 1329 2085 genuina

329 2100 481 2180 prolatus
495 2101 577 2169 mihi
593 2101 782 2182 videbatur,
798 2108 839 2171 ut
853 2102 911 2170 vix
926 2101 1070 2171 verbum
1086 2102 1158 2170 eius
1172 2101 1328 2172 dubitare

329 2198 509 2282 auderem;
532 2201 683 2283 Godrrey
699 2208 813 2270 tamen
829 2201 1026 2271 subridebat
1042 2209 1187 2271 tantum.

412 2299 605 2370 “Lictorum
621 2300 792 2371 decuriam
819 2302 1012 2370 Francicam
1027 2303 1062 2371 in
1078 2302 1158 2371 orbe
1174 2302 1329 2372 efficacis-

329 2398 448 2468 simam
474 2402 578 2482 esse,”
605 2401 716 2482 inquit
742 2401 805 2482 ille,
833 2400 921 2470 “iam
945 2402 979 2470 in
1002 2402 1220 2484 proverbium
1235 2402 1327 2471 abiit.

329 2498 428 2568 Certe
444 2505 483 2569 tu
498 2500 603 2569 habes
617 2500 708 2584 quod
724 2500 766 2569 de
781 2501 903 2570 horum
918 2510 1028 2570 morte
1043 2502 1170 2571 sentias
1178 2502 1214 2570 ?''

413 2597 561 2669 “Vereor
576 2600 790 2682 admodum,”
807 2601 979 2683 respondit
993 2601 1097 2671 herus
1108 2601 1208 2684 Pigot
1220 2603 1328 2671 veluti

328 2699 490 2780 dolenter,
507 2699 567 2769 “ut
583 2700 636 2769 hic
652 2701 830 2783 quaestioni
845 2701 899 2769 isti
915 2701 1015 2770 modo
1037 2702 1239 2783 respondere
1255 2725 1329 2784 pos-

328 2801 402 2882 sim,
417 2806 478 2868 aut
493 2807 534 2869 ut
548 2822 624 2869 eam
640 2807 754 2869 tecum
771 2807 985 2883 pertractem.
1019 2801 1171 2870 Primum
1197 2809 1329 2884 oporte-

329 2899 379 2968 bit
393 2921 448 2968 me
463 2901 628 2983 praefecto
642 2908 835 2969 vestrorum
850 2907 1015 2981 agentum
1041 2901 1198 2982 quaedam
1224 2902 1328 2970 refer·

329 3022 375 3067 re.
398 2999 481 3068 Cras
495 3005 617 3069 cuncta
633 3021 711 3081 quae
726 3007 844 3082 potero
865 3021 942 3069 cum
964 3001 1141 3082 voluptate
1156 3001 1218 3069 tibi
1233 3023 1329 3069 enar-

329 3099 420 3167 rabo.
450 3099 579 3168 Verum
606 3121 668 3181 pro
693 3099 759 3168 ista
783 3121 925 3181 vespera
948 3100 1035 3169 labia
1056 3122 1132 3168 mea
1146 3101 1328 3170 constricta

328 3221 465 3267 manere
481 3199 586 3280 decet,
603 3221 843 3282 quamcunque
855 3198 986 3268 doleam
1002 3221 1057 3268 me
1071 3200 1184 3269 minus
1194 3201 1327 3269 civilem

329 3299 479 3382 praebere
494 3300 681 3383 oportere.''

412 3399 500 3468 Satis
515 3399 603 3469 clare
619 3399 741 3468 licebat
756 3399 838 3467 mihi
853 3398 970 3468 audire
997 3422 1018 3469 a
1042 3407 1141 3482 tergo
1167 3402 1328 3483 quemad·

329 3500 468 3568 modum
484 3500 645 3569 relatores
657 3499 724 3568 leni
740 3507 927 3568 retrorsum
942 3500 1122 3582 spiramine
1144 3508 1253 3569 tracto
1268 3501 1328 3569 im-

329 3598 513 3681 probarent
527 3607 692 3681 negatum
708 3599 846 3668 directae
861 3600 1040 3680 quaestioni
1056 3623 1265 3682 responsum.
1281 3602 1328 3670 At

328 3700 459 3769 nullum
476 3699 629 3781 profecto
645 3698 786 3768 dubium
800 3721 873 3768 esse
886 3706 1029 3782 poterat,
1045 3701 1126 3783 quin
1150 3701 1254 3769 herus
1276 3701 1328 3770 Pi-

329 3806 390 3883 got
405 3798 513 3869 officio
528 3821 590 3868 suo
606 3799 670 3869 rite
685 3800 852 3882 stetisset;
868 3807 983 3868 tamen
999 3799 1149 3882 Godfrey
1161 3802 1327 3871 assultum

329 3923 349 3968 a
364 3901 471 3970 latere
486 3900 643 3969 tentavit.

412 3998 648 4068 “Futurumne
674 4007 727 4068 est
753 4007 793 4069 ut
818 4001 882 4069 hac
907 4021 1049 4082 vespera
1063 4000 1097 4068 in
1119 4008 1246 4070 terram
1272 4001 1328 4070 de-

329 4099 513 4170 scendas?”
530 4099 662 4181 quaerit.

412 4198 598 4284 “Equidem
614 4199 772 4283 aliquem,
789 4201 847 4284 qui
862 4201 971 4270 vicem
993 4201 1139 4271 decuriae
1161 4209 1326 4285 agentum
