3554 5156
404 804 467 874 104
665 819 874 874 uvsrmnm
894 820 1002 876 men
1023 815 1143 876 soona

403 995 495 1070 xent,
511 989 568 1058 fac
582 1011 637 1058 me
662 989 851 1072 certiorem,
868 996 903 1059 et
918 1011 982 1072 ego
1007 989 1124 1058 statim
1149 989 1300 1059 lictorem
1326 990 1404 1060 sub

403 1088 550 1158 mittam.

486 1205 633 1290 “Teneo,
648 1207 696 1276 mi
711 1207 801 1276 Here
811 1205 839 1274 !’'

488 1307 662 1390 “Insuper,
680 1307 820 1377 Parks.”

487 1407 629 1490 “Audio,
644 1408 766 1477 Here.”

488 1523 691 1595 “Neminem
706 1524 842 1594 omnino
857 1526 893 1594 in
907 1527 1046 1595 domum
1061 1525 1237 1595 admiseris
1252 1561 1293 1570 —
1308 1526 1404 1609 quid·

404 1625 486 1709 quid
501 1625 641 1695 demum
654 1627 738 1695 velit
752 1663 793 1670 —
808 1627 872 1695 nisi
887 1626 931 1695 ab
945 1626 1037 1695 heris
1051 1626 1176 1708 Grady,
1202 1626 1402 1709 Simmonds,

403 1733 465 1795 aut
479 1726 688 1808 Goldberger
702 1727 883 1795 comitatus
896 1726 1022 1795 veniat.
1039 1727 1219 1795 Neminem
1234 1727 1296 1796 tibi
1309 1727 1403 1810 igno

403 1833 478 1895 tum
492 1827 722 1896 intromiseris.
744 1826 862 1909 Siquid
876 1826 999 1895 insoliti
1015 1827 1177 1909 evenerit,
1199 1849 1254 1896 me
1263 1827 1404 1896 edocue-

404 1926 459 1995 ris.
481 1926 630 1996 Cautum
647 1933 680 1995 te
696 1926 759 1996 hac
774 1927 809 1995 in
824 1948 862 1995 re
876 1948 950 1996 esse
965 1926 1099 1995 velim.’'

487 2041 629 2124 “Calleo,
646 2042 735 2112 Here
751 2043 828 2112 mi.”

487 2141 574 2226 “Qui
590 2145 682 2212 valet
698 2143 872 2226 Rogers?”
889 2165 1016 2225 quaero.

485 2257 616 2329 “Multo
631 2261 760 2329 melius.
783 2259 927 2330 Volebat
942 2259 1080 2342 quidem
1095 2280 1246 2342 surgere,
1262 2260 1322 2330 sed
1337 2282 1401 2343 ego

401 2360 608 2430 monendum
625 2381 704 2429 eum
719 2360 840 2442 putavi
855 2360 961 2428 satius
976 2359 1037 2429 sibi
1053 2382 1126 2428 esse
1141 2360 1175 2429 in
1191 2361 1277 2429 lecto
1293 2382 1403 2443 perse·

400 2482 531 2542 verare,
547 2481 658 2542 neque
672 2481 727 2528 res
740 2459 977 2529 administrare
992 2461 1089 2529 velle.
1112 2460 1202 2529 Eum
1216 2461 1326 2530 locum
1337 2461 1400 2529 sibi

400 2561 566 2644 potiorem
580 2582 652 2631 esse
668 2559 892 2629 existimavi.”

483 2663 607 2747 “Recte
621 2679 784 2758 factum,’'
801 2679 965 2747 assentior
980 2678 1020 2746 ei.
1044 2677 1133 2756 “Illic
1148 2701 1227 2747 eum
1243 2679 1326 2748 dum
1343 2701 1401 2762 po·

399 2785 452 2847 tes
466 2778 662 2848 continebis.
681 2777 716 2847 si
731 2778 805 2847 fieri
825 2780 950 2860 poterit
972 2778 1173 2847 succedente
1198 2779 1252 2848 die
1278 2785 1314 2848 et
1335 2800 1399 2861 ego

399 2879 553 2959 veniam;
586 2877 650 2946 sub
675 2899 854 2960 vesperum
881 2886 995 2948 tamen
1022 2899 1087 2960 ego
1113 2885 1149 2946 et
1172 2878 1323 2961 Godfrey
1338 2901 1399 2962 pro

398 2985 493 3048 certo
508 2977 689 3048 aderimus.
712 2977 852 3047 interim
869 2979 981 3062 siquid
996 2999 1051 3047 me
1067 2977 1161 3060 velis,
1178 2979 1232 3049 hic
1247 2979 1283 3048 in
1298 2979 1400 3048 offici-

398 3081 475 3150 cina
489 3102 544 3150 me
560 3081 747 3151 evocabis'’

482 3197 679 3268 “Statutum
694 3198 790 3280 bene,
816 3197 862 3266 mi
889 3198 1010 3281 Here,”
1037 3199 1210 3282 respondit
1235 3219 1399 3281 suspenso

397 3299 648 3369 auscultatorio.

482 3417 601 3485 Relata
626 3416 669 3485 de
693 3416 874 3486 eventibus
899 3439 920 3484 a
945 3415 1096 3497 Godrrey
1117 3417 1211 3485 facta
1224 3416 1260 3484 in
1276 3415 1397 3485 diurno

397 3538 488 3586 nunc
503 3516 642 3586 demum
657 3517 791 3586 ientans
805 3515 963 3596 lectitavi,
979 3517 1151 3599 probeque
1173 3516 1397 3586 animadverti

396 3615 622 3686 clandestinas
636 3617 672 3684 in
687 3617 865 3686 Delectum
880 3615 994 3698 Grady
1009 3617 1207 3686 allusiones:

622 3817 694 3870 llum
712 3817 845 3870 Vnumne
862 3817 1046 3870 saturamur
1063 3818 1172 3870 louom

688 3917 789 3985 (Grady
802 3918 873 3971 velis
884 3917 1112 3980 animadverteret

476 4103 549 4173 Nec
563 4103 705 4174 obscure
720 4104 975 4188 significabatur
999 4103 1190 4188 oportuisse
1217 4105 1332 4189 Grady
1354 4105 1395 4176 si-
