3500 5158
676 899 865 956 sacumuu
885 898 994 955 mco
1270 881 1334 952 265

332 1075 548 1150 transgessus
562 1066 654 1137 viam
668 1087 789 1137 versus
804 1065 943 1138 rubram
970 1065 1170 1150 lampadem,
1194 1066 1334 1135 ianuam

333 1166 452 1251 impuli
468 1174 503 1236 et
517 1166 655 1238 intravi.

413 1269 523 1338 Nemo
531 1267 614 1336 mihi
622 1265 757 1337 obviam
768 1267 836 1338 fuit
846 1267 910 1338 nisi
920 1265 1057 1338 decurio
1065 1266 1108 1337 ad
1116 1265 1328 1349 scriptoriam

336 1367 467 1438 sedens.

417 1466 585 1538 “Nomine
607 1489 711 1538 vocor
733 1467 882 1550 Lester,''
905 1468 1058 1551 alloquor
1079 1489 1169 1537 eum.
1191 1466 1335 1536 “Arcam

335 1568 389 1638 hic
413 1567 545 1638 habetis
566 1589 646 1650 quae
668 1567 712 1638 ad
740 1568 830 1638 bona
859 1568 994 1638 residua
1022 1567 1166 1651 Philippi
1187 1567 1336 1638 Vantine

334 1668 498 1751 spectat.''

419 1767 565 1838 ‘'Arcam
580 1769 718 1852 quidem
733 1768 787 1838 hic
801 1775 893 1838 certe
907 1767 1083 1851 habemus,
1097 1767 1156 1838 sod
1174 1767 1272 1838 cuius
1292 1756 1336 1837 sit

336 1869 486 1952 ignoro.''
901 1939 905 1952 ,

420 1967 493 2038 “Ad
509 1968 599 2039 bona
612 1968 687 2038 heri
701 1968 848 2038 Vantine
864 1990 904 2038 ea
918 1969 1101 2052 pertinet.''

421 2066 487 2139 “Et
509 2069 590 2152 quid
614 2077 690 2138 tum
698 2068 735 2138 ?”
766 2069 889 2151 quaerit
918 2089 973 2138 me
1001 2075 1187 2152 aspectans,
1217 2075 1337 2138 utrum

336 2167 451 2239 ebn'us
463 2190 532 2238 non
548 2169 620 2238 sim.
644 2168 742 2238 “Non
758 2169 912 2239 existimo
927 2175 963 2237 te
976 2168 1044 2238 huc
1057 2168 1170 2238 media
1183 2175 1283 2238 nocte
1293 2167 1336 2238 ad

337 2269 400 2339 hoc
415 2291 470 2338 me
485 2269 675 2340 docendum
689 2270 864 2340 venisset''

420 2367 519 2439 “Non
534 2367 610 2439 ideo
624 2369 721 2451 veni;
742 2390 865 2440 verum
880 2391 993 2440 arcam
1016 2367 1133 2452 paucis
1158 2368 1338 2438 momentis

339 2470 456 2541 videre
470 2471 623 2540 vellem.”

422 2569 629 2640 “Hacnocte
654 2591 730 2640 eam
753 2569 871 2640 videre
894 2592 964 2640 non
988 2571 1124 2654 poteris.
1162 2569 1248 2640 Veni
1271 2569 1339 2640 huc

338 2691 423 2740 cras.
445 2671 617 2740 Praeterea
630 2691 693 2740 uec
708 2677 743 2740 te
758 2671 870 2740 novi.''

422 2767 495 2840 “En
524 2769 823 2839 nomenclatoriam
852 2791 974 2840 meam.
1010 2769 1089 2842 Sive
1116 2769 1220 2840 herus
1255 2769 1340 2840 Sim·

338 2869 468 2952 munds,
483 2869 555 2938 sive
571 2869 675 2940 herus
689 2869 803 2953 Grady
818 2893 873 2940 me
894 2876 1088 2953 agnoscent.
1105 2869 1170 2940 Sed
1183 2891 1258 2939 cras
1270 2871 1338 2940 iam

339 2992 414 3040 sero
428 2970 524 3039 erit.''

423 3070 567 3140 Decurio
592 3073 731 3153 accepta
756 3069 899 3153 pagella
926 3091 1001 3140 eam
1025 3071 1166 3153 aspexit,
1190 3076 1263 3140 tum
1283 3091 1339 3140 me
1427 3161 1428 3164 Ἴ

341 3170 525 3252 contuitus,

423 3269 611 3352 “Exspecta
633 3269 835 3352 modicum,’'
850 3269 962 3353 inquit
983 3271 1138 3353 denique,
1154 3292 1193 3339 ac
1207 3292 1267 3354 per
1283 3292 1340 3354 po-

340 3371 459 3441 sticam
474 3369 612 3440 ianuam
628 3369 788 3439 discessit.
804 3370 885 3440 Tn'a
898 3378 960 3442 aut
973 3379 1122 3455 quatuor
1136 3371 1270 3440 minuta
1283 3371 1340 3440 ab·

340 3471 418 3553 tuit,
434 3477 469 3540 et
484 3470 567 3539 dum
580 3469 626 3538 ibi
640 3469 772 3539 stabam
795 3470 1008 3554 horologium
1033 3469 1188 3540 stationis
1210 3470 1338 3540 duode-

340 3571 406 3640 cim
422 3569 545 3640 sonuit.
567 3567 713 3639 Sonoros
726 3570 815 3639 ictus
829 3591 868 3639 ac
884 3571 1060 3641 distinctos
1073 3593 1208 3640 mecum
1223 3591 1341 3640 numa

342 3671 425 3753 ravi,
453 3675 489 3739 et
516 3669 669 3738 insecuto
699 3667 831 3739 silentio
862 3671 1183 3753 exspectationeque
1217 3691 1341 3740 manus

342 3791 429 3840 meae
443 3777 591 3839 tremere
615 3777 802 3852 coeperunt.
825 3770 914 3853 Quid
935 3771 964 3840 si
987 3770 1102 3853 Grady
1118 3770 1201 3839 mihi
1213 3769 1342 3853 ingres·

342 3892 418 3940 sum
432 3869 561 3952 neget?
582 3870 712 3938 Tamen
728 3869 864 3939 decurio
879 3869 1025 3953 denique
1040 3869 1150 3940 rediit.

287 4025 292 4040 ,
426 3968 578 4039 “Accede
592 3968 668 4050 sis?
683 3968 790 4052 fatuit,
806 3991 912 4052 pansa
926 3971 1150 4041 cancellorum
1176 3973 1284 4052 porta,
1305 3976 1341 4040 et

342 4069 434 4141 viam
449 4067 619 4138 indicavit
641 4067 770 4138 “Recta
783 4090 935 4153 peream
957 4068 1126 4151 ianuam,”
1141 4069 1267 4152 subdit,
1282 4071 1342 4140 ite·

341 4191 488 4255 rumque
501 4167 547 4241 ad
559 4167 768 4253 suiptoriam
783 4169 916 4242 resedit
