<?xml version="1.0" encoding="UTF-8"?>
<!DOCTYPE html PUBLIC "-//W3C//DTD XHTML 1.0 Transitional//EN"
    "http://www.w3.org/TR/xhtml1/DTD/xhtml1-transitional.dtd">
<html xmlns="http://www.w3.org/1999/xhtml" xml:lang="en" lang="en">
 <head>
  <title>
</title>
<meta http-equiv="Content-Type" content="text/html;charset=utf-8" />
  <meta name='ocr-system' content='tesseract 3.04.00' />
  <meta name='ocr-capabilities' content='ocr_page ocr_carea ocr_par ocr_line ocrx_word'/>
</head>
<body>
  <div class='ocr_page' id='page_1' title='image "./mysteriumarcbou00mogygoog/mysteriumarcbou00mogygoog_0044.png"; bbox 0 0 3502 5158; ppageno 0'>
   <div class='ocr_carea' id='block_1_1' title="bbox 625 857 1309 924">
    <p class='ocr_par' dir='ltr' id='par_1_1' title="bbox 625 857 1309 924">
     <span class='ocr_line' id='line_1_1' title="bbox 625 857 1309 924; baseline 0.004 -3"><span class='ocrx_word' id='word_1_1' title='bbox 625 868 750 922; x_wconf 76' lang='lat' dir='ltr'><strong>nauus</strong></span> <span class='ocrx_word' id='word_1_2' title='bbox 771 868 990 922; x_wconf 75' lang='lat' dir='ltr'><strong>rumenam</strong></span> <span class='ocrx_word' id='word_1_3' title='bbox 1268 857 1309 924; x_wconf 88' lang='grc'><strong>29</strong></span> 
     </span>
    </p>
   </div>
   <div class='ocr_carea' id='block_1_2' title="bbox 283 1036 1315 4220">
    <p class='ocr_par' dir='ltr' id='par_1_2' title="bbox 311 1036 1314 2310">
     <span class='ocr_line' id='line_1_2' title="bbox 396 1036 1312 1120; baseline 0 -13"><span class='ocrx_word' id='word_1_4' title='bbox 396 1037 547 1120; x_wconf 84' lang='lat' dir='ltr'><strong>Godfrey</strong></span> <span class='ocrx_word' id='word_1_5' title='bbox 562 1037 665 1118; x_wconf 92' lang='lat' dir='ltr'><strong>siluit,</strong></span> <span class='ocrx_word' id='word_1_6' title='bbox 681 1036 762 1118; x_wconf 90' lang='lat' dir='ltr'><strong>quid</strong></span> <span class='ocrx_word' id='word_1_7' title='bbox 777 1044 893 1105; x_wconf 92' lang='lat' dir='ltr'><strong>tamen</strong></span> <span class='ocrx_word' id='word_1_8' title='bbox 920 1059 1035 1106; x_wconf 90' lang='lat' dir='ltr'><strong>secum</strong></span> <span class='ocrx_word' id='word_1_9' title='bbox 1050 1037 1085 1106; x_wconf 96' lang='lat' dir='ltr'><strong>in</strong></span> <span class='ocrx_word' id='word_1_10' title='bbox 1101 1048 1217 1107; x_wconf 91' lang='lat' dir='ltr'><strong>mente</strong></span> <span class='ocrx_word' id='word_1_11' title='bbox 1242 1040 1312 1108; x_wconf 90' lang='lat' dir='ltr'><strong>vol-</strong></span> 
     </span>
     <span class='ocr_line' id='line_1_3' title="bbox 313 1135 1312 1219; baseline 0 -11"><span class='ocrx_word' id='word_1_12' title='bbox 313 1138 411 1219; x_wconf 87' lang='lat' dir='ltr'><strong>verit,</strong></span> <span class='ocrx_word' id='word_1_13' title='bbox 428 1137 510 1206; x_wconf 88' lang='lat' dir='ltr'><strong>satis</strong></span> <span class='ocrx_word' id='word_1_14' title='bbox 525 1137 691 1219; x_wconf 84' lang='lat' dir='ltr'><strong>perspexi.</strong></span> <span class='ocrx_word' id='word_1_15' title='bbox 724 1135 777 1206; x_wconf 91' lang='lat' dir='ltr'><strong>Sic</strong></span> <span class='ocrx_word' id='word_1_16' title='bbox 800 1137 871 1219; x_wconf 91' lang='lat' dir='ltr'><strong>ipse</strong></span> <span class='ocrx_word' id='word_1_17' title='bbox 895 1136 1176 1207; x_wconf 80' lang='lat' dir='ltr'><strong>ratiocinabatur:</strong></span> <span class='ocrx_word' id='word_1_18' title='bbox 1198 1138 1227 1207; x_wconf 86' lang='lat' dir='ltr'><strong>si</strong></span> <span class='ocrx_word' id='word_1_19' title='bbox 1248 1137 1312 1208; x_wconf 90' lang='lat' dir='ltr'><strong>iste</strong></span> 
     </span>
     <span class='ocr_line' id='line_1_4' title="bbox 313 1236 1312 1318; baseline 0 -10"><span class='ocrx_word' id='word_1_20' title='bbox 313 1246 470 1308; x_wconf 90' lang='lat' dir='ltr'><strong>mortuus</strong></span> <span class='ocrx_word' id='word_1_21' title='bbox 485 1258 617 1306; x_wconf 91' lang='lat' dir='ltr'><strong>veneno</strong></span> <span class='ocrx_word' id='word_1_22' title='bbox 633 1236 772 1318; x_wconf 85' lang='lat' dir='ltr'><strong>interiit,</strong></span> <span class='ocrx_word' id='word_1_23' title='bbox 799 1237 977 1306; x_wconf 87' lang='lat' dir='ltr'>vasculum</span> <span class='ocrx_word' id='word_1_24' title='bbox 1004 1236 1094 1306; x_wconf 93' lang='lat' dir='ltr'><strong>unde</strong></span> <span class='ocrx_word' id='word_1_25' title='bbox 1118 1237 1152 1306; x_wconf 92' lang='lat' dir='ltr'><strong>id</strong></span> <span class='ocrx_word' id='word_1_26' title='bbox 1178 1260 1312 1308; x_wconf 89' lang='lat' dir='ltr'><strong>sumere</strong></span> 
     </span>
     <span class='ocr_line' id='line_1_5' title="bbox 313 1336 1312 1422; baseline 0 -15"><span class='ocrx_word' id='word_1_27' title='bbox 313 1345 455 1422; x_wconf 91' lang='lat' dir='ltr'><strong>poterat,</strong></span> <span class='ocrx_word' id='word_1_28' title='bbox 470 1337 604 1405; x_wconf 91' lang='lat' dir='ltr'><strong>nullum</strong></span> <span class='ocrx_word' id='word_1_29' title='bbox 619 1343 693 1405; x_wconf 89' lang='lat' dir='ltr'><strong>erat</strong></span> <span class='ocrx_word' id='word_1_30' title='bbox 709 1344 895 1419; x_wconf 91' lang='lat' dir='ltr'><strong>repertum.</strong></span> <span class='ocrx_word' id='word_1_31' title='bbox 918 1336 1047 1406; x_wconf 90' lang='lat' dir='ltr'><strong>Eadem</strong></span> <span class='ocrx_word' id='word_1_32' title='bbox 1062 1337 1223 1420; x_wconf 80' lang='lat' dir='ltr'>cogitatio</span> <span class='ocrx_word' id='word_1_33' title='bbox 1240 1340 1312 1408; x_wconf 93' lang='lat' dir='ltr'><strong>sine</strong></span> 
     </span>
     <span class='ocr_line' id='line_1_6' title="bbox 312 1437 1311 1520; baseline 0.001 -12"><span class='ocrx_word' id='word_1_34' title='bbox 312 1438 415 1508; x_wconf 93' lang='lat' dir='ltr'><strong>dubio</strong></span> <span class='ocrx_word' id='word_1_35' title='bbox 445 1437 638 1507; x_wconf 90' lang='lat' dir='ltr'><strong>Simmonds</strong></span> <span class='ocrx_word' id='word_1_36' title='bbox 664 1458 800 1519; x_wconf 89' lang='lat' dir='ltr'><strong>quoque</strong></span> <span class='ocrx_word' id='word_1_37' title='bbox 826 1445 978 1507; x_wconf 86' lang='lat' dir='ltr'><strong>mentem</strong></span> <span class='ocrx_word' id='word_1_38' title='bbox 1008 1438 1206 1520; x_wconf 87' lang='lat' dir='ltr'><strong>occupabat,</strong></span> <span class='ocrx_word' id='word_1_39' title='bbox 1230 1461 1311 1509; x_wconf 86' lang='lat' dir='ltr'><strong>nam</strong></span> 
     </span>
     <span class='ocr_line' id='line_1_7' title="bbox 312 1537 1313 1623; baseline -0.001 -15"><span class='ocrx_word' id='word_1_40' title='bbox 312 1545 493 1623; x_wconf 85' lang='lat' dir='ltr'><strong>postquam</strong></span> <span class='ocrx_word' id='word_1_41' title='bbox 509 1537 659 1606; x_wconf 91' lang='lat' dir='ltr'><strong>lictorem</strong></span> <span class='ocrx_word' id='word_1_42' title='bbox 676 1558 827 1606; x_wconf 86' lang='lat' dir='ltr'><strong>arceram</strong></span> <span class='ocrx_word' id='word_1_43' title='bbox 843 1559 1014 1606; x_wconf 86' lang='lat' dir='ltr'><strong>accersere</strong></span> <span class='ocrx_word' id='word_1_44' title='bbox 1025 1537 1179 1620; x_wconf 90' lang='lat' dir='ltr'><strong>iusserat,</strong></span> <span class='ocrx_word' id='word_1_45' title='bbox 1190 1560 1233 1607; x_wconf 85' lang='lat' dir='ltr'><strong>ex</strong></span> <span class='ocrx_word' id='word_1_46' title='bbox 1244 1561 1313 1608; x_wconf 89' lang='lat' dir='ltr'><strong>am-</strong></span> 
     </span>
     <span class='ocr_line' id='line_1_8' title="bbox 313 1636 1312 1721; baseline 0 -12"><span class='ocrx_word' id='word_1_47' title='bbox 313 1640 387 1710; x_wconf 92' lang='lat' dir='ltr'><strong>bitu</strong></span> <span class='ocrx_word' id='word_1_48' title='bbox 402 1639 437 1708; x_wconf 92' lang='lat' dir='ltr'><strong>in</strong></span> <span class='ocrx_word' id='word_1_49' title='bbox 452 1638 612 1707; x_wconf 80' lang='lat' dir='ltr'><strong>conclave</strong></span> <span class='ocrx_word' id='word_1_50' title='bbox 627 1636 760 1720; x_wconf 86' lang='lat' dir='ltr'><strong>redivit,</strong></span> <span class='ocrx_word' id='word_1_51' title='bbox 776 1636 928 1706; x_wconf 81' lang='lat' dir='ltr'><strong>adhibita</strong></span> <span class='ocrx_word' id='word_1_52' title='bbox 943 1640 1005 1707; x_wconf 72' lang='lat' dir='ltr'><strong>sud</strong></span> <span class='ocrx_word' id='word_1_53' title='bbox 1018 1639 1133 1707; x_wconf 77' lang='lat' dir='ltr'><strong>iacula</strong></span> <span class='ocrx_word' id='word_1_54' title='bbox 1146 1639 1312 1721; x_wconf 74' lang='lat' dir='ltr'><strong>electrica,</strong></span> 
     </span>
     <span class='ocr_line' id='line_1_9' title="bbox 312 1736 1313 1821; baseline 0 -12"><span class='ocrx_word' id='word_1_55' title='bbox 312 1761 449 1810; x_wconf 88' lang='lat' dir='ltr'><strong>ornnem</strong></span> <span class='ocrx_word' id='word_1_56' title='bbox 464 1738 652 1821; x_wconf 90' lang='lat' dir='ltr'><strong>opaciorem</strong></span> <span class='ocrx_word' id='word_1_57' title='bbox 669 1736 837 1806; x_wconf 87' lang='lat' dir='ltr'><strong>conclavis</strong></span> <span class='ocrx_word' id='word_1_58' title='bbox 852 1738 1019 1819; x_wconf 83' lang='lat' dir='ltr'><strong>angulum</strong></span> <span class='ocrx_word' id='word_1_59' title='bbox 1048 1739 1222 1820; x_wconf 84' lang='lat' dir='ltr'><strong>explorare</strong></span> <span class='ocrx_word' id='word_1_60' title='bbox 1248 1761 1313 1809; x_wconf 90' lang='lat' dir='ltr'><strong>coe·</strong></span> 
     </span>
     <span class='ocr_line' id='line_1_10' title="bbox 312 1838 1313 1924; baseline -0.002 -13"><span class='ocrx_word' id='word_1_61' title='bbox 312 1841 372 1924; x_wconf 90' lang='lat' dir='ltr'><strong>pit.</strong></span> <span class='ocrx_word' id='word_1_62' title='bbox 388 1839 539 1922; x_wconf 83' lang='lat' dir='ltr'><strong>Godfrey</strong></span> <span class='ocrx_word' id='word_1_63' title='bbox 553 1838 672 1908; x_wconf 89' lang='lat' dir='ltr'><strong>eadem</strong></span> <span class='ocrx_word' id='word_1_64' title='bbox 687 1859 724 1907; x_wconf 89' lang='lat' dir='ltr'><strong>re</strong></span> <span class='ocrx_word' id='word_1_65' title='bbox 739 1859 774 1906; x_wconf 89' lang='lat' dir='ltr'><strong>se</strong></span> <span class='ocrx_word' id='word_1_66' title='bbox 790 1838 988 1920; x_wconf 89' lang='lat' dir='ltr'><strong>occupabat,</strong></span> <span class='ocrx_word' id='word_1_67' title='bbox 1003 1839 1095 1908; x_wconf 90' lang='lat' dir='ltr'><strong>nullo</strong></span> <span class='ocrx_word' id='word_1_68' title='bbox 1110 1846 1226 1908; x_wconf 89' lang='lat' dir='ltr'><strong>tamen</strong></span> <span class='ocrx_word' id='word_1_69' title='bbox 1242 1841 1313 1910; x_wconf 82' lang='lat' dir='ltr'><strong>fru-</strong></span> 
     </span>
     <span class='ocr_line' id='line_1_11' title="bbox 313 1937 1314 2020; baseline 0 -10"><span class='ocrx_word' id='word_1_70' title='bbox 313 1949 381 2010; x_wconf 91' lang='lat' dir='ltr'><strong>ctu.</strong></span> <span class='ocrx_word' id='word_1_71' title='bbox 397 1939 487 2008; x_wconf 93' lang='lat' dir='ltr'><strong>Tum</strong></span> <span class='ocrx_word' id='word_1_72' title='bbox 503 1937 655 2020; x_wconf 85' lang='lat' dir='ltr'><strong>Godfrey</strong></span> <span class='ocrx_word' id='word_1_73' title='bbox 670 1959 811 2006; x_wconf 92' lang='lat' dir='ltr'><strong>manum</strong></span> <span class='ocrx_word' id='word_1_74' title='bbox 827 1937 977 2007; x_wconf 86' lang='lat' dir='ltr'><strong>sauciam</strong></span> <span class='ocrx_word' id='word_1_75' title='bbox 991 1938 1216 2008; x_wconf 70' lang='lat' dir='ltr'><strong>minutissimi</strong></span> <span class='ocrx_word' id='word_1_76' title='bbox 1231 1943 1314 2010; x_wconf 78' lang='lat' dir='ltr'><strong>cura</strong></span> 
     </span>
     <span class='ocr_line' id='line_1_12' title="bbox 312 2037 1313 2122; baseline -0.001 -12"><span class='ocrx_word' id='word_1_77' title='bbox 312 2039 519 2122; x_wconf 88' lang='lat' dir='ltr'><strong>inspiciebat,</strong></span> <span class='ocrx_word' id='word_1_78' title='bbox 535 2037 618 2106; x_wconf 93' lang='lat' dir='ltr'><strong>dum</strong></span> <span class='ocrx_word' id='word_1_79' title='bbox 643 2037 852 2119; x_wconf 83' lang='lat' dir='ltr'><strong>Goldberger</strong></span> <span class='ocrx_word' id='word_1_80' title='bbox 878 2037 951 2106; x_wconf 84' lang='lat' dir='ltr'><strong>haec</strong></span> <span class='ocrx_word' id='word_1_81' title='bbox 978 2038 1097 2108; x_wconf 90' lang='lat' dir='ltr'><strong>videns</strong></span> <span class='ocrx_word' id='word_1_82' title='bbox 1122 2038 1181 2108; x_wconf 85' lang='lat' dir='ltr'><strong>vix</strong></span> <span class='ocrx_word' id='word_1_83' title='bbox 1204 2041 1313 2110; x_wconf 88' lang='lat' dir='ltr'><strong>celare</strong></span> 
     </span>
     <span class='ocr_line' id='line_1_13' title="bbox 311 2138 1312 2225; baseline -0.001 -16"><span class='ocrx_word' id='word_1_84' title='bbox 311 2147 445 2225; x_wconf 90' lang='lat' dir='ltr'><strong>poterat</strong></span> <span class='ocrx_word' id='word_1_85' title='bbox 462 2160 567 2222; x_wconf 85' lang='lat' dir='ltr'><strong>quam</strong></span> <span class='ocrx_word' id='word_1_86' title='bbox 581 2138 800 2221; x_wconf 86' lang='lat' dir='ltr'><strong>impatienter</strong></span> <span class='ocrx_word' id='word_1_87' title='bbox 822 2161 894 2206; x_wconf 91' lang='lat' dir='ltr'><strong>rem</strong></span> <span class='ocrx_word' id='word_1_88' title='bbox 918 2139 1036 2220; x_wconf 84' lang='lat' dir='ltr'><strong>ferret,</strong></span> <span class='ocrx_word' id='word_1_89' title='bbox 1052 2161 1091 2208; x_wconf 89' lang='lat' dir='ltr'><strong>ac</strong></span> <span class='ocrx_word' id='word_1_90' title='bbox 1106 2139 1246 2209; x_wconf 85' lang='lat' dir='ltr'><strong>tandem</strong></span> <span class='ocrx_word' id='word_1_91' title='bbox 1269 2139 1312 2210; x_wconf 89' lang='lat' dir='ltr'><strong>ad</strong></span> 
     </span>
     <span class='ocr_line' id='line_1_14' title="bbox 312 2238 615 2310; baseline -0.01 0"><span class='ocrx_word' id='word_1_92' title='bbox 312 2241 449 2310; x_wconf 88' lang='lat' dir='ltr'><strong>ianuam</strong></span> <span class='ocrx_word' id='word_1_93' title='bbox 465 2238 615 2308; x_wconf 87' lang='lat' dir='ltr'><strong>accessit.</strong></span> 
     </span>
    </p>

    <p class='ocr_par' dir='ltr' id='par_1_3' title="bbox 312 2337 1313 2624">
     <span class='ocr_line' id='line_1_15' title="bbox 396 2337 1313 2422; baseline 0.001 -15"><span class='ocrx_word' id='word_1_94' title='bbox 396 2338 491 2422; x_wconf 83' lang='lat' dir='ltr'><strong>“Ego</strong></span> <span class='ocrx_word' id='word_1_95' title='bbox 507 2360 588 2407; x_wconf 86' lang='lat' dir='ltr'><strong>vero</strong></span> <span class='ocrx_word' id='word_1_96' title='bbox 602 2339 673 2407; x_wconf 92' lang='lat' dir='ltr'><strong>iam</strong></span> <span class='ocrx_word' id='word_1_97' title='bbox 687 2337 884 2407; x_wconf 85' lang='lat' dir='ltr'><strong>abeundum</strong></span> <span class='ocrx_word' id='word_1_98' title='bbox 900 2359 974 2407; x_wconf 89' lang='lat' dir='ltr'><strong>esse</strong></span> <span class='ocrx_word' id='word_1_99' title='bbox 988 2340 1140 2421; x_wconf 86' lang='lat' dir='ltr'><strong>censeo,’&#39;</strong></span> <span class='ocrx_word' id='word_1_100' title='bbox 1166 2339 1264 2409; x_wconf 81' lang='lat' dir='ltr'><strong>fatur</strong></span> <span class='ocrx_word' id='word_1_101' title='bbox 1278 2339 1313 2408; x_wconf 94' lang='lat' dir='ltr'><strong>il·</strong></span> 
     </span>
     <span class='ocr_line' id='line_1_16' title="bbox 312 2437 1312 2522; baseline -0.001 -13"><span class='ocrx_word' id='word_1_102' title='bbox 312 2441 353 2510; x_wconf 91' lang='lat' dir='ltr'><strong>le.</strong></span> <span class='ocrx_word' id='word_1_103' title='bbox 375 2439 442 2508; x_wconf 86' lang='lat' dir='ltr'><strong>“At</strong></span> <span class='ocrx_word' id='word_1_104' title='bbox 457 2461 522 2522; x_wconf 81' lang='lat' dir='ltr'><strong>ego</strong></span> <span class='ocrx_word' id='word_1_105' title='bbox 536 2460 701 2522; x_wconf 83' lang='lat' dir='ltr'><strong>perquam</strong></span> <span class='ocrx_word' id='word_1_106' title='bbox 716 2438 815 2521; x_wconf 92' lang='lat' dir='ltr'><strong>cupio</strong></span> <span class='ocrx_word' id='word_1_107' title='bbox 830 2439 925 2520; x_wconf 92' lang='lat' dir='ltr'><strong>scire,</strong></span> <span class='ocrx_word' id='word_1_108' title='bbox 940 2439 987 2507; x_wconf 93' lang='lat' dir='ltr'><strong>mi</strong></span> <span class='ocrx_word' id='word_1_109' title='bbox 1001 2437 1092 2508; x_wconf 92' lang='lat' dir='ltr'><strong>Here</strong></span> <span class='ocrx_word' id='word_1_110' title='bbox 1116 2439 1312 2520; x_wconf 88' lang='lat' dir='ltr'><strong>Mortuarie,</strong></span> 
     </span>
     <span class='ocr_line' id='line_1_17' title="bbox 312 2538 960 2624; baseline -0.006 -14"><span class='ocrx_word' id='word_1_111' title='bbox 312 2539 394 2624; x_wconf 86' lang='lat' dir='ltr'><strong>quid</strong></span> <span class='ocrx_word' id='word_1_112' title='bbox 409 2539 560 2609; x_wconf 88' lang='lat' dir='ltr'><strong>medicus</strong></span> <span class='ocrx_word' id='word_1_113' title='bbox 576 2546 658 2609; x_wconf 92' lang='lat' dir='ltr'><strong>tuus</strong></span> <span class='ocrx_word' id='word_1_114' title='bbox 673 2545 871 2621; x_wconf 88' lang='lat' dir='ltr'><strong>reperturus</strong></span> <span class='ocrx_word' id='word_1_115' title='bbox 886 2538 960 2607; x_wconf 85' lang='lat' dir='ltr'><strong>sit.&#39;’</strong></span> 
     </span>
    </p>

    <p class='ocr_par' dir='ltr' id='par_1_4' title="bbox 283 2636 1313 2822">
     <span class='ocr_line' id='line_1_18' title="bbox 396 2636 1313 2720; baseline -0.003 -10"><span class='ocrx_word' id='word_1_116' title='bbox 396 2637 475 2710; x_wconf 84' lang='lat' dir='ltr'><strong>“Ille</strong></span> <span class='ocrx_word' id='word_1_117' title='bbox 491 2659 664 2708; x_wconf 87' lang='lat' dir='ltr'><strong>venenum</strong></span> <span class='ocrx_word' id='word_1_118' title='bbox 679 2637 825 2720; x_wconf 89' lang='lat' dir='ltr'><strong>reperiet</strong></span> <span class='ocrx_word' id='word_1_119' title='bbox 840 2637 911 2706; x_wconf 89' lang='lat' dir='ltr'><strong>sine</strong></span> <span class='ocrx_word' id='word_1_120' title='bbox 927 2636 1063 2720; x_wconf 89' lang='lat' dir='ltr'><strong>dubio,&#39;&#39;</strong></span> <span class='ocrx_word' id='word_1_121' title='bbox 1078 2637 1198 2707; x_wconf 89' lang='lat' dir='ltr'><strong>asserit</strong></span> <span class='ocrx_word' id='word_1_122' title='bbox 1214 2637 1313 2708; x_wconf 87' lang='lat' dir='ltr'><strong>Gold-</strong></span> 
     </span>
     <span class='ocr_line' id='line_1_19' title="bbox 283 2737 769 2822; baseline -0.008 -13"><span class='ocrx_word' id='word_1_123' title='bbox 283 2741 285 2744; x_wconf 79' lang='grc'><strong>’</strong></span> <span class='ocrx_word' id='word_1_124' title='bbox 313 2738 435 2822; x_wconf 80' lang='lat' dir='ltr'><strong>berger</strong></span> <span class='ocrx_word' id='word_1_125' title='bbox 450 2739 541 2808; x_wconf 92' lang='lat' dir='ltr'><strong>omni</strong></span> <span class='ocrx_word' id='word_1_126' title='bbox 557 2737 769 2808; x_wconf 87' lang='lat' dir='ltr'><strong>certitudine.</strong></span> 
     </span>
    </p>

    <p class='ocr_par' dir='ltr' id='par_1_5' title="bbox 313 2836 1313 3120">
     <span class='ocr_line' id='line_1_20' title="bbox 399 2836 1313 2920; baseline -0.002 -13"><span class='ocrx_word' id='word_1_127' title='bbox 399 2837 577 2907; x_wconf 85' lang='lat' dir='ltr'><strong>“Fortasse</strong></span> <span class='ocrx_word' id='word_1_128' title='bbox 593 2836 772 2920; x_wconf 88' lang='lat' dir='ltr'><strong>reperiet,”</strong></span> <span class='ocrx_word' id='word_1_129' title='bbox 786 2837 940 2907; x_wconf 90' lang='lat' dir='ltr'><strong>concedit</strong></span> <span class='ocrx_word' id='word_1_130' title='bbox 956 2837 1117 2920; x_wconf 82' lang='lat' dir='ltr'><strong>Godfrey.</strong></span> <span class='ocrx_word' id='word_1_131' title='bbox 1151 2836 1239 2906; x_wconf 87' lang='lat' dir='ltr'><strong>“Res</strong></span> <span class='ocrx_word' id='word_1_132' title='bbox 1252 2837 1313 2905; x_wconf 94' lang='lat' dir='ltr'><strong>mi-</strong></span> 
     </span>
     <span class='ocr_line' id='line_1_21' title="bbox 313 2936 1313 3008; baseline -0.004 0"><span class='ocrx_word' id='word_1_133' title='bbox 313 2960 360 3008; x_wconf 87' lang='lat' dir='ltr'><strong>rae</strong></span> <span class='ocrx_word' id='word_1_134' title='bbox 375 2938 488 3008; x_wconf 93' lang='lat' dir='ltr'><strong>hocin</strong></span> <span class='ocrx_word' id='word_1_135' title='bbox 501 2938 629 3007; x_wconf 93' lang='lat' dir='ltr'><strong>mundo</strong></span> <span class='ocrx_word' id='word_1_136' title='bbox 644 2936 818 3006; x_wconf 91' lang='lat' dir='ltr'><strong>eveniunt.</strong></span> <span class='ocrx_word' id='word_1_137' title='bbox 850 2937 971 3006; x_wconf 87' lang='lat' dir='ltr'><strong>Erisne</strong></span> <span class='ocrx_word' id='word_1_138' title='bbox 986 2936 1076 3006; x_wconf 93' lang='lat' dir='ltr'><strong>domi</strong></span> <span class='ocrx_word' id='word_1_139' title='bbox 1092 2943 1163 3006; x_wconf 89' lang='lat' dir='ltr'><strong>tuae</strong></span> <span class='ocrx_word' id='word_1_140' title='bbox 1178 2937 1242 3006; x_wconf 92' lang='lat' dir='ltr'><strong>hac</strong></span> <span class='ocrx_word' id='word_1_141' title='bbox 1256 2958 1313 3005; x_wconf 90' lang='lat' dir='ltr'><strong>ve-</strong></span> 
     </span>
     <span class='ocr_line' id='line_1_22' title="bbox 313 3037 598 3120; baseline -0.007 -12"><span class='ocrx_word' id='word_1_142' title='bbox 313 3059 420 3120; x_wconf 85' lang='lat' dir='ltr'><strong>spera,</strong></span> <span class='ocrx_word' id='word_1_143' title='bbox 437 3037 598 3107; x_wconf 84' lang='lat' dir='ltr'><strong>Lester?’&#39;</strong></span> 
     </span>
    </p>

    <p class='ocr_par' dir='ltr' id='par_1_6' title="bbox 397 3135 796 3219">
     <span class='ocr_line' id='line_1_23' title="bbox 397 3135 796 3219; baseline -0.005 -13"><span class='ocrx_word' id='word_1_144' title='bbox 397 3136 471 3206; x_wconf 89' lang='lat' dir='ltr'><strong>“Ita</strong></span> <span class='ocrx_word' id='word_1_145' title='bbox 485 3137 614 3219; x_wconf 91' lang='lat' dir='ltr'><strong>spero‚”</strong></span> <span class='ocrx_word' id='word_1_146' title='bbox 631 3135 796 3218; x_wconf 89' lang='lat' dir='ltr'><strong>respondi.</strong></span> 
     </span>
    </p>

    <p class='ocr_par' dir='ltr' id='par_1_7' title="bbox 397 3234 1021 3320">
     <span class='ocr_line' id='line_1_24' title="bbox 397 3234 1021 3320; baseline 0 -12"><span class='ocrx_word' id='word_1_147' title='bbox 397 3234 581 3320; x_wconf 84' lang='lat' dir='ltr'><strong>“Usquerie</strong></span> <span class='ocrx_word' id='word_1_148' title='bbox 596 3237 631 3305; x_wconf 91' lang='lat' dir='ltr'><strong>in</strong></span> <span class='ocrx_word' id='word_1_149' title='bbox 647 3235 828 3306; x_wconf 89' lang='lat' dir='ltr'><strong>Marathon</strong></span> <span class='ocrx_word' id='word_1_150' title='bbox 844 3235 1021 3308; x_wconf 83' lang='lat' dir='ltr'><strong>habitas?”</strong></span> 
     </span>
    </p>

    <p class='ocr_par' dir='ltr' id='par_1_8' title="bbox 396 3335 1271 3420">
     <span class='ocr_line' id='line_1_25' title="bbox 396 3335 1271 3420; baseline 0.001 -14"><span class='ocrx_word' id='word_1_151' title='bbox 396 3335 535 3420; x_wconf 87' lang='lat' dir='ltr'><strong>“Usque</strong></span> <span class='ocrx_word' id='word_1_152' title='bbox 548 3337 595 3406; x_wconf 92' lang='lat' dir='ltr'><strong>ibi</strong></span> <span class='ocrx_word' id='word_1_153' title='bbox 609 3335 736 3418; x_wconf 91' lang='lat' dir='ltr'><strong>habito,</strong></span> <span class='ocrx_word' id='word_1_154' title='bbox 751 3336 975 3406; x_wconf 87' lang='lat' dir='ltr'><strong>contubernio</strong></span> <span class='ocrx_word' id='word_1_155' title='bbox 987 3338 1271 3420; x_wconf 83' lang='lat' dir='ltr'><strong>quartodecimo.”</strong></span> 
     </span>
    </p>

    <p class='ocr_par' dir='ltr' id='par_1_9' title="bbox 313 3436 1314 3719">
     <span class='ocr_line' id='line_1_26' title="bbox 396 3436 1314 3520; baseline 0.002 -14"><span class='ocrx_word' id='word_1_156' title='bbox 396 3437 466 3506; x_wconf 89' lang='lat' dir='ltr'><strong>“Te</strong></span> <span class='ocrx_word' id='word_1_157' title='bbox 482 3437 594 3506; x_wconf 90' lang='lat' dir='ltr'><strong>visum</strong></span> <span class='ocrx_word' id='word_1_158' title='bbox 610 3437 757 3504; x_wconf 84' lang='lat' dir='ltr'><strong>fortasse</strong></span> <span class='ocrx_word' id='word_1_159' title='bbox 772 3436 983 3518; x_wconf 85' lang='lat' dir='ltr'><strong>decurram,’&#39;</strong></span> <span class='ocrx_word' id='word_1_160' title='bbox 999 3438 1120 3520; x_wconf 88' lang='lat' dir='ltr'><strong>inquit,</strong></span> <span class='ocrx_word' id='word_1_161' title='bbox 1144 3445 1178 3506; x_wconf 91' lang='lat' dir='ltr'><strong>et</strong></span> <span class='ocrx_word' id='word_1_162' title='bbox 1205 3459 1314 3520; x_wconf 86' lang='lat' dir='ltr'><strong>pauca</strong></span> 
     </span>
     <span class='ocr_line' id='line_1_27' title="bbox 313 3536 1312 3622; baseline -0.001 -14"><span class='ocrx_word' id='word_1_163' title='bbox 313 3545 389 3622; x_wconf 87' lang='lat' dir='ltr'><strong>post</strong></span> <span class='ocrx_word' id='word_1_164' title='bbox 403 3545 577 3608; x_wconf 91' lang='lat' dir='ltr'><strong>momenta</strong></span> <span class='ocrx_word' id='word_1_165' title='bbox 592 3536 786 3606; x_wconf 90' lang='lat' dir='ltr'><strong>audivimus</strong></span> <span class='ocrx_word' id='word_1_166' title='bbox 801 3537 951 3606; x_wconf 87' lang='lat' dir='ltr'><strong>sonitum</strong></span> <span class='ocrx_word' id='word_1_167' title='bbox 966 3537 1042 3607; x_wconf 89' lang='lat' dir='ltr'><strong>ostii</strong></span> <span class='ocrx_word' id='word_1_168' title='bbox 1069 3561 1090 3606; x_wconf 91' lang='lat' dir='ltr'><strong>a</strong></span> <span class='ocrx_word' id='word_1_169' title='bbox 1113 3538 1231 3620; x_wconf 87' lang='lat' dir='ltr'><strong>Parks,</strong></span> <span class='ocrx_word' id='word_1_170' title='bbox 1254 3539 1312 3620; x_wconf 87' lang='lat' dir='ltr'><strong>qui</strong></span> 
     </span>
     <span class='ocr_line' id='line_1_28' title="bbox 313 3637 704 3719; baseline -0.01 -11"><span class='ocrx_word' id='word_1_171' title='bbox 313 3659 392 3708; x_wconf 92' lang='lat' dir='ltr'><strong>eum</strong></span> <span class='ocrx_word' id='word_1_172' title='bbox 407 3637 575 3719; x_wconf 86' lang='lat' dir='ltr'><strong>emiserat,</strong></span> <span class='ocrx_word' id='word_1_173' title='bbox 590 3637 704 3706; x_wconf 89' lang='lat' dir='ltr'><strong>clausi.</strong></span> 
     </span>
    </p>

    <p class='ocr_par' dir='ltr' id='par_1_10' title="bbox 312 3736 1315 4220">
     <span class='ocr_line' id='line_1_29' title="bbox 396 3736 1313 3821; baseline -0.002 -13"><span class='ocrx_word' id='word_1_174' title='bbox 396 3736 568 3819; x_wconf 82' lang='lat' dir='ltr'><strong>“Godfrey</strong></span> <span class='ocrx_word' id='word_1_175' title='bbox 584 3738 637 3805; x_wconf 92' lang='lat' dir='ltr'><strong>vir</strong></span> <span class='ocrx_word' id='word_1_176' title='bbox 652 3737 762 3806; x_wconf 91' lang='lat' dir='ltr'><strong>bonus</strong></span> <span class='ocrx_word' id='word_1_177' title='bbox 778 3737 860 3818; x_wconf 88' lang='lat' dir='ltr'><strong>est,&#39;&#39;</strong></span> <span class='ocrx_word' id='word_1_178' title='bbox 872 3746 989 3806; x_wconf 89' lang='lat' dir='ltr'><strong>monet</strong></span> <span class='ocrx_word' id='word_1_179' title='bbox 1001 3737 1218 3821; x_wconf 84' lang='lat' dir='ltr'><strong>Goldberger,</strong></span> <span class='ocrx_word' id='word_1_180' title='bbox 1235 3736 1313 3806; x_wconf 88' lang='lat' dir='ltr'><strong>“sed</strong></span> 
     </span>
     <span class='ocr_line' id='line_1_30' title="bbox 312 3837 1314 3920; baseline -0.001 -13"><span class='ocrx_word' id='word_1_181' title='bbox 312 3860 380 3908; x_wconf 94' lang='lat' dir='ltr'><strong>non</strong></span> <span class='ocrx_word' id='word_1_182' title='bbox 396 3859 519 3920; x_wconf 86' lang='lat' dir='ltr'><strong>parum</strong></span> <span class='ocrx_word' id='word_1_183' title='bbox 536 3838 698 3920; x_wconf 87' lang='lat' dir='ltr'><strong>poeticus.</strong></span> <span class='ocrx_word' id='word_1_184' title='bbox 721 3838 865 3908; x_wconf 93' lang='lat' dir='ltr'><strong>Nullum</strong></span> <span class='ocrx_word' id='word_1_185' title='bbox 887 3845 940 3906; x_wconf 90' lang='lat' dir='ltr'><strong>est</strong></span> <span class='ocrx_word' id='word_1_186' title='bbox 963 3839 1071 3907; x_wconf 87' lang='lat' dir='ltr'><strong>scelus</strong></span> <span class='ocrx_word' id='word_1_187' title='bbox 1094 3838 1129 3906; x_wconf 92' lang='lat' dir='ltr'><strong>in</strong></span> <span class='ocrx_word' id='word_1_188' title='bbox 1153 3861 1221 3920; x_wconf 88' lang='lat' dir='ltr'><strong>quo</strong></span> <span class='ocrx_word' id='word_1_189' title='bbox 1242 3837 1314 3920; x_wconf 92' lang='lat' dir='ltr'><strong>ipse</strong></span> 
     </span>
     <span class='ocr_line' id='line_1_31' title="bbox 313 3936 1315 4020; baseline -0.001 -14"><span class='ocrx_word' id='word_1_190' title='bbox 313 3960 380 4008; x_wconf 91' lang='lat' dir='ltr'><strong>non</strong></span> <span class='ocrx_word' id='word_1_191' title='bbox 395 3937 559 4020; x_wconf 88' lang='lat' dir='ltr'><strong>mysteria</strong></span> <span class='ocrx_word' id='word_1_192' title='bbox 573 3937 725 4019; x_wconf 90' lang='lat' dir='ltr'><strong>rimetur,</strong></span> <span class='ocrx_word' id='word_1_193' title='bbox 741 3959 849 4020; x_wconf 90' lang='lat' dir='ltr'><strong>quum</strong></span> <span class='ocrx_word' id='word_1_194' title='bbox 864 3945 981 4006; x_wconf 89' lang='lat' dir='ltr'><strong>tamen</strong></span> <span class='ocrx_word' id='word_1_195' title='bbox 1002 3937 1143 4007; x_wconf 88' lang='lat' dir='ltr'><strong>crimina</strong></span> <span class='ocrx_word' id='word_1_196' title='bbox 1168 3936 1252 4006; x_wconf 87' lang='lat' dir='ltr'><strong>nihit</strong></span> <span class='ocrx_word' id='word_1_197' title='bbox 1266 3936 1315 4005; x_wconf 92' lang='lat' dir='ltr'><strong>ni·</strong></span> 
     </span>
     <span class='ocr_line' id='line_1_32' title="bbox 312 4036 1315 4107; baseline -0.002 0"><span class='ocrx_word' id='word_1_198' title='bbox 312 4037 431 4107; x_wconf 86' lang='lat' dir='ltr'><strong>siacta</strong></span> <span class='ocrx_word' id='word_1_199' title='bbox 445 4038 601 4107; x_wconf 89' lang='lat' dir='ltr'><strong>bellualia</strong></span> <span class='ocrx_word' id='word_1_200' title='bbox 616 4037 692 4106; x_wconf 92' lang='lat' dir='ltr'><strong>sint.</strong></span> <span class='ocrx_word' id='word_1_201' title='bbox 723 4037 785 4106; x_wconf 87' lang='lat' dir='ltr'><strong>Vel</strong></span> <span class='ocrx_word' id='word_1_202' title='bbox 806 4036 898 4106; x_wconf 91' lang='lat' dir='ltr'><strong>hunc</strong></span> <span class='ocrx_word' id='word_1_203' title='bbox 923 4037 1003 4106; x_wconf 88' lang='lat' dir='ltr'><strong>licet</strong></span> <span class='ocrx_word' id='word_1_204' title='bbox 1025 4059 1141 4106; x_wconf 84' lang='lat' dir='ltr'><strong>casum</strong></span> <span class='ocrx_word' id='word_1_205' title='bbox 1166 4044 1315 4106; x_wconf 88' lang='lat' dir='ltr'><strong>contem·</strong></span> 
     </span>
     <span class='ocr_line' id='line_1_33' title="bbox 312 4135 1313 4220; baseline -0.001 -13"><span class='ocrx_word' id='word_1_206' title='bbox 312 4138 422 4219; x_wconf 91' lang='lat' dir='ltr'><strong>pleris.</strong></span> <span class='ocrx_word' id='word_1_207' title='bbox 438 4136 541 4206; x_wconf 87' lang='lat' dir='ltr'><strong>Vides</strong></span> <span class='ocrx_word' id='word_1_208' title='bbox 556 4136 726 4205; x_wconf 90' lang='lat' dir='ltr'><strong>hominem</strong></span> <span class='ocrx_word' id='word_1_209' title='bbox 741 4158 814 4205; x_wconf 89' lang='lat' dir='ltr'><strong>sese</strong></span> <span class='ocrx_word' id='word_1_210' title='bbox 829 4137 1005 4220; x_wconf 89' lang='lat' dir='ltr'><strong>occidisse;</strong></span> <span class='ocrx_word' id='word_1_211' title='bbox 1037 4136 1188 4218; x_wconf 84' lang='lat' dir='ltr'><strong>Godfrey</strong></span> <span class='ocrx_word' id='word_1_212' title='bbox 1215 4135 1313 4206; x_wconf 90' lang='lat' dir='ltr'><strong>nobis</strong></span> 
     </span>
    </p>
   </div>
   <div class='ocr_carea' id='block_1_3' title="bbox 0 0 1756 5158">
    <p class='ocr_par' dir='ltr' id='par_1_11' title="bbox 0 0 1756 5158">
     <span class='ocr_line' id='line_1_34' title="bbox 0 0 1756 5158; baseline 0 0"><span class='ocrx_word' id='word_1_213' title='bbox 0 0 1756 5158; x_wconf 95' lang='lat' dir='ltr'><strong> </strong></span> 
     </span>
    </p>
   </div>
  </div>
 </body>
</html>
