3500 5158
688 905 878 962 sousnmu
897 904 1004 960 moon
1281 887 1346 959 295

432 1070 508 1144 “Ita
532 1073 648 1156 vero,”
673 1073 816 1157 probavi
841 1095 907 1157 ego
933 1073 1055 1157 spiritu
1070 1072 1146 1143 fere
1161 1071 1350 1155 deficiente,

348 1171 550 1244 “vidimua”

431 1273 513 1345 “Ille
537 1295 620 1359 ergo
646 1280 721 1345 erat
742 1273 924 1346 Crochard.
947 1275 981 1344 Is
994 1273 1101 1358 igitur
1114 1275 1227 1359 ipsum
1248 1274 1351 1358 Pigot

348 1375 385 1445 in
400 1373 539 1445 diaetam
553 1395 651 1445 suam
665 1374 771 1444 illexit
785 1411 826 1421 -
841 1374 961 1445 eodem
977 1396 1045 1458 quo
1059 1373 1251 1446 Simmonds
1273 1374 1352 1445 odo·

348 1495 481 1544 recum
496 1474 568 1545 sine
583 1474 687 1545 dubio
698 1481 897 1559 soporatum
907 1473 972 1544 sub
982 1496 1079 1545 cama
1089 1476 1260 1561 seposuit;
1274 1495 1352 1558 syn·

349 1574 462 1645 theain
477 1574 552 1644 eius
566 1574 688 1657 induit,
702 1575 840 1645 vultum
855 1575 994 1645 offucia¹
1009 1582 1046 1646 et
1070 1575 1152 1645 fuco
1175 1575 1285 1658 finxit,
1299 1595 1353 1644 ca-

349 1675 597 1759 pillamentum²
617 1675 763 1758 sumpsit
777 1711 819 1721 -
833 1682 959 1745 cuncta
983 1681 1100 1745 autem
1125 1675 1199 1746 haee
1221 1675 1353 1746 interea

350 1773 601 1845 administravit
615 1775 698 1846 dum
712 1796 775 1845 nos
789 1797 871 1845 eum
886 1775 1123 1858 prestolantes
1145 1776 1219 1846 fere
1244 1775 1353 1846 calces

350 1874 585 1945 detrivimus?

420 1972 659 2058 “Atveroipse
669 1974 809 2046 immani
818 1996 854 2045 se
868 1975 1051 2046 discrimini
1062 1975 1215 2059 obiecit,’'
1230 1973 1350 2045 obver-

350 2081 387 2146 to
401 2095 477 2159 ego.
498 2072 605 2145 “Tam
626 2075 724 2146 multi
736 2083 915 2146 vectorum
929 2083 1166 2160 cognoverunt
1191 2075 1293 2160 Pigot
1309 2111 1351 2122 -

349 2174 490 2259 proinde
513 2175 776 2247 simulationem³
799 2176 979 2261 oportebat
995 2176 1282 2247 accuratissimam
1301 2197 1352 2246 es·

351 2297 387 2346 oe
399 2275 418 2304 n

388 2328 397 2345 ο
434 2373 625 2445 “Crochard
654 2383 810 2446 nostrum
824 2351 1054 2447 taliaminime
1068 2375 1255 2446 retardant
1274 2376 1348 2446 Nec

352 2474 531 2545 discrimen
546 2482 621 2545 erat
635 2483 708 2546 tam
721 2497 838 2559 grave.
854 2469 955 2559 Pigot
969 2498 1071 2547 nemo
1091 2483 1248 2546 nostrum
1271 2497 1349 2559 pro-

350 2575 428 2658 pius
441 2575 536 2657 vidit;
551 2575 635 2646 nihil
649 2575 713 2646 nisi
728 2577 922 2660 occipitium
933 2576 1007 2646 eius
1027 2575 1273 2660 conspeximus3
1294 2596 1352 2645 ve-

352 2683 554 2747 ctoresvero
562 2677 677 2746 cuncti
685 2676 721 2745 in
729 2676 1130 2760 medicuminspectorem
1138 2677 1355 2746 erantinten·

352 2775 389 2846 ti.
400 2775 446 2845 Et
458 2781 576 2846 tamen
585 2776 863 2846 simulamentum
877 2776 1169 2846 accuratissimum
1179 2775 1259 2845 fuit.
1274 2773 1354 2845 Cro-

352 2875 455 2946 chard
471 2876 562 2945 enim
577 2876 651 2946 eius
665 2876 714 2945 rei
737 2876 959 2960 peritissimus
973 2882 1026 2946 est
1050 2875 1187 2959 artiierc,
1208 2896 1272 2945 noc
1292 2874 1354 2945 du·

352 2974 532 3046 bitandum
557 2983 610 3046 est
629 2997 709 3046 eum
723 2976 880 3046 habitum
894 2998 934 3046 ac
949 2976 1095 3060 speciem
1109 2975 1211 3059 Pigot
1225 2974 1353 3059 optime

351 3097 496 3146 novisse.

437 3175 527 3260 Quin
546 3182 582 3245 et
600 3175 760 3246 aeran'um
785 3176 883 3247 navis
906 3176 1087 3247 fefellit-
1102 3198 1164 3247 nec
1179 3175 1251 3260 ipse
1266 3183 1356 3248 esset
1439 3185 1443 3192 '

353 3275 540 3360 quidquam
554 3276 745 3359 suspicatus
755 3276 784 3346 !''

437 3375 511 3446 “Sic
526 3397 609 3460 ergo
623 3377 694 3460 ipse
708 3376 763 3446 hic
778 3375 949 3447 Crochard
964 3377 1033 3448 fuit
1055 3430 1063 3447 .
1088 3431 1096 3446 .
1119 3378 1148 3446 .”

438 3474 506 3545 “At
524 3497 588 3546 nos
612 3476 754 3546 decebat
776 3477 949 3560 suspicari.
975 3476 1127 3547 Decebat
1151 3497 1215 3546 nos
1236 3497 1355 3546 omnes

353 3575 527 3659 suspicari,
551 3576 665 3647 omnia
694 3577 729 3645 in
760 3577 903 3647 dubium
929 3598 1100 3658 revocare;
1129 3576 1271 3647 decebat
1299 3598 1355 3647 me

455 3778 479 3830 1.
498 3773 623 3842 ΟΜ,
638 3791 687 3830 -aer
699 3793 781 3830 omne
793 3793 881 3843 genus
901 3777 1073 3844 pigmentum
1090 3778 1192 3840 vultos,
1209 3777 1251 3831 uti
1268 3791 1356 3830 cerus·

355 3877 393 3922 sa,
407 3861 571 3927 pur-puriora,
585 3861 673 3920 fucus,
686 3860 772 3922 fraus,
784 3860 870 3922 dolus,
881 3861 998 3922 technae,
1011 3861 1097 3914 tricae.

455 3945 480 3996 2.
498 3940 761 4009 Capilllrmentum,
777 3942 813 3995 -i:
826 3943 993 4009 corymbion,
1006 3944 1079 3996 falsa
1090 3960 1176 3997 coma

455 4027 481 4078 3.
497 4024 657 4080 Simulatio
669 4026 776 4092 proprie
799 4032 842 4080 est
866 4024 1020 4090 similatio,
1036 4043 1119 4094 quum
1133 4027 1197 4090 quie
1209 4042 1289 4080 auum
1301 4027 1358 4080 vnl-

353 4115 413 4163 tum
424 4109 539 4162 alteriue
550 4109 641 4161 vultui
653 4109 726 4169 fuco,
744 4109 816 4163 salat
836 4109 927 4171 barbd,
951 4109 1023 4163 ialal
1035 4113 1113 4164 comt
1125 4110 1241 4176 aliisque
1254 4109 1351 4173 modis,

356 4191 485 4246 eimilcm
498 4192 594 4252 reddit.
608 4207 724 4260 eumque
737 4193 913 4246 lineamentis
925 4193 1058 4247 imitatur.
