3536 5156
402 882 466 952 216
660 899 870 956 ursmnmn
890 897 997 953 Anco
1018 893 1138 954 soum

488 1060 746 1149 operimentum
760 1067 834 1136 fere
849 1067 986 1136 omnino
1001 1073 1074 1136 erat
1096 1066 1253 1135 avulsum
1277 1085 1315 1135 ac
1340 1065 1404 1135 dis

404 1174 570 1249 cerptum,
586 1172 691 1249 atque
706 1187 793 1249 arca,
808 1168 904 1249 quasi
920 1166 1023 1236 etiam
1039 1166 1116 1249 plus
1130 1167 1241 1235 audax
1257 1173 1293 1234 et
1308 1172 1404 1248 petu-

405 1266 480 1336 lans
494 1288 556 1336 sua
571 1266 822 1349 pulchritudine
836 1267 871 1336 in
886 1266 996 1337 medio
1011 1267 1134 1348 stabat,
1157 1273 1198 1336 ut
1222 1265 1304 1336 mihi
1332 1265 1404 1348 qui-

404 1366 482 1436 dem
498 1365 649 1449 parebat,
665 1367 792 1436 lumine
807 1367 885 1435 solis
899 1367 1020 1448 offusa,
1036 1369 1134 1435 cuius
1148 1366 1246 1434 iubar
1261 1365 1405 1448 singulae

405 1465 529 1536 musivi
554 1467 663 1548 operis
688 1466 863 1550 particulae
892 1467 1066 1549 fulgentes
1089 1487 1127 1535 ac
1154 1466 1406 1548 resplendentes

407 1564 681 1636 reverberabant.

490 1679 690 1764 “Capiemus
705 1688 820 1750 tamen
836 1703 925 1763 eum,
941 1683 987 1750 mi
1002 1681 1223 1762 Simmonds,''
1248 1681 1295 1750 ait
1318 1681 1404 1751 God-

405 1783 483 1864 frey
497 1781 531 1850 in
547 1803 627 1851 eum
642 1781 808 1851 renidens.
832 1780 953 1865 “Quin,
968 1783 1131 1864 profecto,
1157 1782 1224 1851 iam
1239 1782 1343 1850 etiam
1357 1789 1406 1850 te·

404 1903 527 1951 nemus
542 1901 632 1950 eum.
655 1880 746 1950 Nihil
773 1881 835 1950 nisi
865 1889 1001 1964 tempus
1031 1881 1255 1964 opperiemur,
1279 1881 1405 1963 etipse

404 2003 467 2051 sua
482 1987 601 2064 sponte
617 1980 714 2050 nobis
729 1989 891 2051 occurret.
914 1982 998 2064 Age,
1015 1981 1216 2062 Simmonds,
1232 1988 1404 2063 asportato

404 2083 492 2151 hanc
507 2101 629 2162 arcam,
643 2081 873 2162 recondasque
889 2103 964 2150 eam
977 2081 1013 2149 in
1028 2081 1248 2150 fortissimam
1271 2103 1310 2150 ac
1331 2102 1405 2149 mu-

404 2181 604 2250 nitissimam
619 2180 738 2250 cellam
752 2181 787 2249 in
802 2188 926 2250 vestrae
942 2180 1088 2251 decuriae
1102 2181 1266 2263 statione;
1283 2181 1404 2249 clavim

409 2289 525 2351 autem
540 2288 581 2350 tu
596 2280 667 2363 ipse
682 2280 766 2349 fer.''

494 2396 605 2478 “Quid
620 2397 693 2466 ais?
715 2397 872 2467 Obserari
886 2418 962 2467 eam
977 2399 1029 2467 vis
1044 2398 1078 2466 in
1093 2398 1176 2467 cella
1185 2398 1221 2466 ?''
1238 2399 1360 2481 quaerit
1376 2398 1404 2467 is

408 2506 560 2582 stupens.

489 2613 697 2698 “Obserabis,
713 2616 876 2697 profecto,
892 2616 998 2696 eam,’'
1014 2617 1121 2684 refert
1137 2615 1296 2697 Godlrey.
1314 2613 1405 2684 “lsta

405 2716 474 2786 sola
489 2721 606 2783 nostra
621 2715 712 2784 salus
725 2715 808 2784 est.’'
823 2715 950 2784 Vultus
976 2715 1049 2785 eius
1063 2716 1226 2795 rubebat;
1257 2717 1324 2784 iam
1346 2715 1406 2785 ite

408 2838 485 2886 rum
501 2815 612 2884 alacer
627 2813 738 2897 ipsum
752 2835 788 2883 se
804 2835 876 2884 esse
891 2815 1005 2898 sensit,
1020 2816 1062 2884 de
1076 2815 1218 2885 victoria
1225 2815 1406 2884 confidens.

405 2914 551 2984 “Nonna
565 2921 605 2982 tu
631 2913 693 2983 has
718 2935 772 2983 res
787 2913 1026 2983 administras?
1063 2915 1154 2998 Ergo
1175 2915 1211 2982 in
1226 2915 1309 2984 cella
1323 2915 1405 2984 forti

277 3039 279 3044 ’
405 3015 493 3084 hanc
508 3012 689 3095 obserabis,
711 3035 772 3082 nec
788 3014 946 3096 cuiquam
962 3015 1109 3084 rationes
1130 3015 1280 3084 reddes.’'

490 3145 549 3216 “ld
564 3145 664 3215 facile
678 3145 768 3228 fiet,'’
784 3146 918 3215 ridebat
932 3146 1132 3217 Simmonds.
1149 3147 1242 3216 “Nec
1257 3147 1405 3218 rationes

291 3222 295 3230 ¹
407 3248 494 3317 ullas
508 3245 671 3315 habebo.’'

490 3361 583 3431 “lmo
597 3383 679 3431 vero
694 3362 828 3445 habes,''
846 3363 955 3445 inquit
972 3364 1132 3446 Godirey,
1149 3363 1309 3434 obtutum
1331 3365 1405 3434 lere

406 3461 627 3547 hypnoticum
642 3462 678 3530 in
693 3484 773 3530 eum
788 3472 999 3532 convertens.
1022 3463 1081 3533 “ld
1106 3472 1144 3533 tu
1161 3471 1300 3546 statues,
1324 3486 1406 3546 quo·

405 3563 498 3632 niam
513 3583 577 3644 ego
592 3560 626 3630 id
641 3560 688 3630 sic
703 3563 808 3632 statui
825 3564 912 3644 volo,
928 3571 962 3632 et
977 3564 1138 3644 quoniam
1154 3585 1217 3646 ego
1232 3566 1286 3632 aio
1310 3565 1406 3632 iutu-

406 3684 494 3745 rum,
511 3667 551 3730 ut
566 3661 675 3731 serius
690 3669 751 3729 aut
766 3661 875 3742 citius,
893 3662 919 3730 si
934 3663 1021 3730 hanc
1037 3684 1149 3732 arcam
1166 3670 1278 3732 tutam
1293 3685 1406 3732 serva·

406 3761 506 3843 veris,
522 3760 580 3830 ubi
597 3760 724 3829 anullo
740 3762 914 3830 attrectari
929 3763 1043 3844 possit,
1069 3763 1172 3845 isqui
1195 3762 1405 3832 desideratur

407 3885 469 3933 sua
482 3867 602 3944 sponte
616 3860 651 3929 in
666 3881 788 3930 manus
802 3869 936 3930 nostras
949 3861 1073 3930 veniet.
1087 3863 1187 3944 Quin,
1203 3862 1407 3944 Simmonds,

407 3969 442 4032 et
456 3959 533 4044 plus
546 3958 608 4030 tibi
625 3959 751 4028 dicam:
774 3960 800 4030 si
816 3981 896 4028 eum
921 3961 1118 4043 ceperimus,
1143 3960 1405 4044 pulcherrimam

406 4083 510 4144 quam
526 4080 678 4142 unquam
690 4059 865 4128 historiam
880 4060 1020 4142 habebo,
1042 4068 1117 4129 tum
1133 4069 1248 4130 autem
1264 4060 1298 4129 in
1314 4061 1405 4130 omni

405 4161 486 4232 orbe
511 4160 605 4231 lama
633 4159 769 4230 cluebis
798 4160 940 4230 Francia
954 4170 999 4244 te,
1023 4159 1222 4246 Simmonds,
1244 4160 1403 4244 Eouitem
