3500 5158
456 881 520 953 300
721 897 934 953 ursrnmuu
955 896 1063 952 nucu
1083 889 1204 952 noma

522 1064 804 1219 '“vguidquamne
820 1065 1004 1137 meministi
1030 1064 1319 1149 quemadmodum
1334 1063 1369 1135 id
1384 1085 1463 1134 ere·

458 1174 657 1337 nent“'Nihil
671 1266 870 1351 quidquam.
892 1266 1069 1349 Paulisper
1083 1267 1154 1336 uni
1169 1265 1366 1336 sederemus
1380 1264 1465 1334 ami·

458 1366 591 1437 cissime
606 1368 837 1450 colloquentes
851 1401 893 1412 —-
906 1365 986 1436 inde
1001 1365 1084 1436 nihil
1099 1364 1248 1448 amplius
1262 1363 1401 1434 memini
1409 1385 1465 1434 us·

462 1488 530 1550 que
545 1467 628 1537 dum
643 1465 678 1536 in
694 1465 890 1550 argentaria
905 1487 1025 1536 sensus
1039 1465 1270 1549 recuperavi.”

459 1565 711 1751 Grad‘yUbinam
739 1567 795 1637 ille
823 1567 925 1637 homo
956 1565 1108 1650 Godtrey
1139 1565 1233 1636 estt'’
1265 1565 1463 1648 interpellat

544 1782 705 1854 “Meridie
720 1805 757 1854 se
771 1783 826 1855 hic
840 1785 1002 1854 futurum
1017 1783 1203 1867 promisit,”
1218 1781 1376 1866 respondi
1387 1803 1463 1866 ego,

458 1885 663 1967 aspectando
690 1906 807 1955 meum
831 1885 1088 1968 horologiolum.
1113 1882 1207 1954 “lam
1228 1891 1281 1954 est
1294 1882 1462 1953 meridies

459 1983 566 2055 Hicne
581 2006 660 2055 eum
675 1991 910 2056 conventurus
924 1985 1040 2056 eras?'’

543 2100 658 2186 Grady
673 2103 855 2186 suspiciose
869 2124 925 2172 me
939 2101 1178 2174 contuebatur.

543 2200 703 2272 “Nihilne
717 2203 780 2273 tibi
795 2223 836 2273 ea
851 2203 894 2273 de
908 2225 946 2273 re
960 2203 1138 2286 cognitum
1152 2202 1246 2273 esti’'
1262 2201 1396 2285 quaerit.

543 2300 658 2372 “Nihil
672 2302 737 2372 nisi
752 2302 844 2386 quod
858 2325 914 2373 me
928 2309 970 2374 ut
985 2303 1039 2372 hic
1054 2309 1180 2386 praeto
1193 2323 1303 2373 essem
1314 2299 1460 2384 rogavit

462 2400 552 2485 Quid
567 2402 660 2473 esti'’

542 2516 706 2589 “Peream
729 2519 871 2603 siscio,”
895 2518 1011 2602 Grady
1034 2519 1253 2603 impatienter
1278 2518 1461 2602 respondit.

459 2616 558 2702 “Ipse
573 2620 701 2688 etenim
714 2619 798 2688 mihi
812 2619 989 2690 nuntiavit
1003 2619 1112 2690 satius
1125 2617 1189 2688 sibi
1214 2618 1322 2689 videri
1347 2619 1375 2688 si
1396 2639 1462 2702 ego

458 2717 513 2788 hic
538 2741 618 2789 eum
643 2719 827 2803 opperirer,
862 2741 927 2804 ego
949 2727 1067 2790 autem
1092 2718 1285 2789 erdstimavi
1308 2739 1389 2788 eum
1404 2719 1463 2790 ali-

459 2817 541 2902 quid
556 2820 640 2889 scire
655 2839 762 2902 posse.
784 2819 957 2890 Caeterum
971 2819 1021 2890 ita
1036 2819 1205 2902 vertigine
1230 2818 1347 2889 laboro
1368 2839 1388 2888 e
1411 2840 1463 2888 re-

459 2919 524 2990 bus
538 2919 699 2990 hesterna
712 2926 813 2990 nocte
828 2920 922 3002 actis,
936 2926 978 2990 ut
991 2920 1067 2989 iere
1080 2919 1116 2988 iu
1131 2939 1257 3002 gyrum
1271 2939 1398 2989 verser.
1413 2918 1463 2988 At

458 3040 541 3090 vero
556 3020 745 3090 adventum
760 3020 834 3090 eius
849 3041 918 3090 non
933 3020 1097 3104 opperiar.
1119 3021 1199 3090 Non
1221 3040 1277 3089 me
1301 3018 1345 3088 ad
1360 3019 1394 3089 id
1408 3040 1462 3089 co-

459 3142 542 3203 gere
556 3120 701 3204 poterit!
722 3120 819 3204 Veni,
835 3120 1036 3204 Simmonds,
1051 3120 1245 3190 abeamus.”

544 3235 816 3320 “Exspectadum
845 3238 1060 3320 parumper‚''
1086 3237 1264 3320 interpello
1288 3259 1353 3321 ego
1376 3236 1462 3307 inte-

461 3359 520 3407 rea
534 3337 619 3407 dum
633 3337 772 3407 ianuam
784 3338 1010 3408 extrinsecam
1026 3343 1200 3421 patescere
1218 3337 1331 3408 audio.
1360 3335 1462 3407 “For-

458 3443 550 3507 tasse
563 3437 628 3506 iste
642 3436 714 3520 ipse
728 3436 881 3522 Godtrey
896 3438 980 3522 est''

543 3553 588 3623 Et
601 3551 651 3623 ita
665 3555 772 3623 etiam
787 3575 843 3624 res
856 3555 935 3625 fuit.
957 3554 1033 3638 Ipse
1049 3554 1204 3637 protecto
1217 3553 1361 3625 intravit
1375 3575 1396 3623 a
1408 3555 1462 3623 vi·

459 3675 498 3724 ro
512 3653 705 3736 comitatus,
721 3675 824 3737 quem
851 3655 1040 3725 Arcturum
1061 3653 1249 3738 Shearrow,
1274 3653 1461 3738 principem

459 3754 693 3836 iurisperitum
708 3753 822 3824 diurni
837 3757 972 3825 Record
987 3775 1060 3825 esse
1074 3754 1229 3838 cognovi.

544 3853 695 3937 Godirey
709 3860 799 3924 nutu
814 3855 934 3938 capitis
948 3876 1065 3925 omnes
1078 3876 1142 3924 nos
1155 3854 1392 3926 consalutauit.

544 3971 730 4041 “Existimo
744 3978 780 4042 te
793 3972 917 4042 herum
932 3971 1111 4044 Shearrow
1124 3972 1291 4056 novisse‚''
1307 3995 1363 4043 me
1378 3973 1461 4044 affa-

460 4079 529 4154 tur,
542 4071 696 4156 deposita
709 4072 744 4140 in
759 4072 971 4156 scriptoriam
985 4073 1100 4156 balga,
1116 4093 1221 4157 quam
1234 4093 1351 4143 secum
1372 4074 1461 4144 fere·

460 4174 529 4243 bat.
552 4171 625 4242 “En
638 4172 720 4243 sisto
733 4173 795 4244 tibi
808 4172 931 4244 herum
945 4173 1075 4256 Lester,
1089 4171 1137 4242 mi
1148 4173 1238 4244 llere
1251 4171 1460 4258 Shearrow,”
