<?xml version="1.0" encoding="UTF-8"?>
<!DOCTYPE html PUBLIC "-//W3C//DTD XHTML 1.0 Transitional//EN"
    "http://www.w3.org/TR/xhtml1/DTD/xhtml1-transitional.dtd">
<html xmlns="http://www.w3.org/1999/xhtml" xml:lang="en" lang="en">
 <head>
  <title>
</title>
<meta http-equiv="Content-Type" content="text/html;charset=utf-8" />
  <meta name='ocr-system' content='tesseract 3.04.00' />
  <meta name='ocr-capabilities' content='ocr_page ocr_carea ocr_par ocr_line ocrx_word'/>
</head>
<body>
  <div class='ocr_page' id='page_1' title='image "./mysteriumarcbou00mogygoog/mysteriumarcbou00mogygoog_0078.png"; bbox 0 0 3502 5158; ppageno 0'>
   <div class='ocr_carea' id='block_1_1' title="bbox 665 885 1329 962">
    <p class='ocr_par' dir='ltr' id='par_1_1' title="bbox 665 885 1329 962">
     <span class='ocr_line' id='line_1_1' title="bbox 665 885 1329 962; baseline -0.009 0"><span class='ocrx_word' id='word_1_1' title='bbox 665 907 801 962; x_wconf 83' lang='lat' dir='ltr'><strong>uuum</strong></span> <span class='ocrx_word' id='word_1_2' title='bbox 822 907 860 961; x_wconf 85' lang='lat' dir='ltr'><strong>nv</strong></span> <span class='ocrx_word' id='word_1_3' title='bbox 881 905 999 962; x_wconf 71' lang='lat' dir='ltr'><strong>causa</strong></span> <span class='ocrx_word' id='word_1_4' title='bbox 1288 885 1329 956; x_wconf 87' lang='lat'><strong>63</strong></span> 
     </span>
    </p>
   </div>
   <div class='ocr_carea' id='block_1_2' title="bbox 333 1071 1333 1980">
    <p class='ocr_par' dir='ltr' id='par_1_2' title="bbox 333 1071 1333 1563">
     <span class='ocr_line' id='line_1_2' title="bbox 337 1071 1333 1165; baseline -0.011 -14"><span class='ocrx_word' id='word_1_5' title='bbox 337 1079 479 1165; x_wconf 86' lang='lat' dir='ltr'><strong>pulsavi,</strong></span> <span class='ocrx_word' id='word_1_6' title='bbox 495 1079 579 1149; x_wconf 92' lang='lat' dir='ltr'><strong>dum</strong></span> <span class='ocrx_word' id='word_1_7' title='bbox 592 1100 651 1148; x_wconf 87' lang='lat' dir='ltr'><strong>cor</strong></span> <span class='ocrx_word' id='word_1_8' title='bbox 664 1075 748 1146; x_wconf 90' lang='lat' dir='ltr'><strong>mibi</strong></span> <span class='ocrx_word' id='word_1_9' title='bbox 768 1074 892 1159; x_wconf 78' lang='lat' dir='ltr'><strong>surrigi</strong></span> <span class='ocrx_word' id='word_1_10' title='bbox 906 1074 992 1144; x_wconf 87' lang='lat' dir='ltr'><strong>etin</strong></span> <span class='ocrx_word' id='word_1_11' title='bbox 1006 1074 1145 1144; x_wconf 80' lang='lat' dir='ltr'><strong>faucem</strong></span> <span class='ocrx_word' id='word_1_12' title='bbox 1166 1071 1333 1142; x_wconf 88' lang='lat' dir='ltr'><strong>subsulta-</strong></span> 
     </span>
     <span class='ocr_line' id='line_1_3' title="bbox 334 1174 1331 1260; baseline -0.011 -10"><span class='ocrx_word' id='word_1_13' title='bbox 334 1203 371 1251; x_wconf 87' lang='lat' dir='ltr'><strong>re</strong></span> <span class='ocrx_word' id='word_1_14' title='bbox 385 1178 615 1249; x_wconf 82' lang='lat' dir='ltr'><strong>minitabatur.</strong></span> <span class='ocrx_word' id='word_1_15' title='bbox 636 1179 701 1248; x_wconf 87' lang='lat' dir='ltr'><strong>Ast</strong></span> <span class='ocrx_word' id='word_1_16' title='bbox 715 1197 824 1260; x_wconf 89' lang='lat' dir='ltr'><strong>usque</strong></span> <span class='ocrx_word' id='word_1_17' title='bbox 838 1176 972 1245; x_wconf 92' lang='lat' dir='ltr'><strong>nullum</strong></span> <span class='ocrx_word' id='word_1_18' title='bbox 992 1174 1106 1258; x_wconf 90' lang='lat' dir='ltr'><strong>accepi</strong></span> <span class='ocrx_word' id='word_1_19' title='bbox 1121 1192 1331 1256; x_wconf 89' lang='lat' dir='ltr'><strong>responsum,</strong></span> 
     </span>
     <span class='ocr_line' id='line_1_4' title="bbox 336 1270 1332 1360; baseline -0.011 -10"><span class='ocrx_word' id='word_1_20' title='bbox 336 1303 374 1350; x_wconf 90' lang='lat' dir='ltr'><strong>ac</strong></span> <span class='ocrx_word' id='word_1_21' title='bbox 390 1286 464 1350; x_wconf 94' lang='lat' dir='ltr'><strong>tum</strong></span> <span class='ocrx_word' id='word_1_22' title='bbox 480 1278 618 1348; x_wconf 90' lang='lat' dir='ltr'><strong>demum</strong></span> <span class='ocrx_word' id='word_1_23' title='bbox 632 1277 715 1347; x_wconf 91' lang='lat' dir='ltr'><strong>nihil</strong></span> <span class='ocrx_word' id='word_1_24' title='bbox 729 1275 824 1360; x_wconf 92' lang='lat' dir='ltr'><strong>pensi</strong></span> <span class='ocrx_word' id='word_1_25' title='bbox 839 1275 968 1346; x_wconf 80' lang='lat' dir='ltr'><strong>faciens</strong></span> <span class='ocrx_word' id='word_1_26' title='bbox 981 1276 1075 1345; x_wconf 83' lang='lat' dir='ltr'><strong>fores</strong></span> <span class='ocrx_word' id='word_1_27' title='bbox 1104 1271 1223 1356; x_wconf 90' lang='lat' dir='ltr'><strong>aperui</strong></span> <span class='ocrx_word' id='word_1_28' title='bbox 1237 1270 1332 1341; x_wconf 86' lang='lat' dir='ltr'><strong>etin·</strong></span> 
     </span>
     <span class='ocr_line' id='line_1_5' title="bbox 333 1370 1332 1463; baseline -0.009 -13"><span class='ocrx_word' id='word_1_29' title='bbox 333 1379 481 1463; x_wconf 86' lang='lat' dir='ltr'><strong>trospexi</strong></span> <span class='ocrx_word' id='word_1_30' title='bbox 496 1413 537 1424; x_wconf 96' lang='lat'>-</span> <span class='ocrx_word' id='word_1_31' title='bbox 551 1400 591 1448; x_wconf 85' lang='lat' dir='ltr'><strong>ac</strong></span> <span class='ocrx_word' id='word_1_32' title='bbox 605 1377 753 1462; x_wconf 89' lang='lat' dir='ltr'><strong>primum</strong></span> <span class='ocrx_word' id='word_1_33' title='bbox 767 1375 859 1460; x_wconf 86' lang='lat' dir='ltr'><strong>quod</strong></span> <span class='ocrx_word' id='word_1_34' title='bbox 870 1375 953 1446; x_wconf 90' lang='lat' dir='ltr'><strong>mihi</strong></span> <span class='ocrx_word' id='word_1_35' title='bbox 977 1375 1041 1445; x_wconf 93' lang='lat' dir='ltr'><strong>sub</strong></span> <span class='ocrx_word' id='word_1_36' title='bbox 1066 1375 1180 1444; x_wconf 90' lang='lat' dir='ltr'><strong>oculos</strong></span> <span class='ocrx_word' id='word_1_37' title='bbox 1202 1370 1332 1452; x_wconf 85' lang='lat' dir='ltr'><strong>cecidit,</strong></span> 
     </span>
     <span class='ocr_line' id='line_1_6' title="bbox 335 1479 572 1563; baseline -0.008 -14"><span class='ocrx_word' id='word_1_38' title='bbox 335 1479 406 1563; x_wconf 89' lang='lat' dir='ltr'><strong>ipse</strong></span> <span class='ocrx_word' id='word_1_39' title='bbox 421 1485 496 1550; x_wconf 85' lang='lat' dir='ltr'><strong>erat</strong></span> <span class='ocrx_word' id='word_1_40' title='bbox 510 1479 572 1525; x_wconf 91' lang='grc'><strong>-”</strong></span> 
     </span>
    </p>

    <p class='ocr_par' dir='ltr' id='par_1_3' title="bbox 335 1592 1332 1781">
     <span class='ocr_line' id='line_1_7' title="bbox 416 1592 1332 1680; baseline -0.009 -14"><span class='ocrx_word' id='word_1_41' title='bbox 416 1597 547 1680; x_wconf 82' lang='lat' dir='ltr'><strong>Rogers</strong></span> <span class='ocrx_word' id='word_1_42' title='bbox 560 1595 672 1666; x_wconf 89' lang='lat' dir='ltr'><strong>subito</strong></span> <span class='ocrx_word' id='word_1_43' title='bbox 687 1595 859 1678; x_wconf 86' lang='lat' dir='ltr'><strong>conticuit,</strong></span> <span class='ocrx_word' id='word_1_44' title='bbox 873 1595 1068 1678; x_wconf 88' lang='lat' dir='ltr'><strong>iterumque</strong></span> <span class='ocrx_word' id='word_1_45' title='bbox 1089 1592 1208 1676; x_wconf 77' lang='lat' dir='ltr'><strong>gulam</strong></span> <span class='ocrx_word' id='word_1_46' title='bbox 1234 1609 1332 1660; x_wconf 90' lang='lat' dir='ltr'><strong>suam</strong></span> 
     </span>
     <span class='ocr_line' id='line_1_8' title="bbox 335 1697 497 1781; baseline 0 -14"><span class='ocrx_word' id='word_1_47' title='bbox 335 1697 497 1781; x_wconf 85' lang='lat' dir='ltr'><strong>palpavit</strong></span> 
     </span>
    </p>

    <p class='ocr_par' dir='ltr' id='par_1_4' title="bbox 335 1787 1332 1980">
     <span class='ocr_line' id='line_1_9' title="bbox 418 1787 1332 1879; baseline -0.009 -13"><span class='ocrx_word' id='word_1_48' title='bbox 418 1795 512 1866; x_wconf 89' lang='lat' dir='ltr'><strong>“lam</strong></span> <span class='ocrx_word' id='word_1_49' title='bbox 526 1795 623 1866; x_wconf 87' lang='lat' dir='ltr'><strong>brevi</strong></span> <span class='ocrx_word' id='word_1_50' title='bbox 637 1795 768 1878; x_wconf 86' lang='lat' dir='ltr'><strong>valebo,</strong></span> <span class='ocrx_word' id='word_1_51' title='bbox 784 1795 905 1879; x_wconf 87' lang='lat' dir='ltr'><strong>Here,&#39;’</strong></span> <span class='ocrx_word' id='word_1_52' title='bbox 920 1795 969 1866; x_wconf 93' lang='lat' dir='ltr'><strong>ait</strong></span> <span class='ocrx_word' id='word_1_53' title='bbox 993 1793 1091 1878; x_wconf 81' lang='lat' dir='ltr'><strong>gravi</strong></span> <span class='ocrx_word' id='word_1_54' title='bbox 1116 1791 1235 1863; x_wconf 89' lang='lat' dir='ltr'><strong>halitu.</strong></span> <span class='ocrx_word' id='word_1_55' title='bbox 1272 1787 1332 1859; x_wconf 89' lang='lat' dir='ltr'><strong>“ld</strong></span> 
     </span>
     <span class='ocr_line' id='line_1_10' title="bbox 335 1896 754 1980; baseline 0 -14"><span class='ocrx_word' id='word_1_56' title='bbox 335 1917 389 1966; x_wconf 92' lang='lat' dir='ltr'><strong>me</strong></span> <span class='ocrx_word' id='word_1_57' title='bbox 404 1896 548 1967; x_wconf 88' lang='lat' dir='ltr'><strong>subinde</strong></span> <span class='ocrx_word' id='word_1_58' title='bbox 563 1896 754 1980; x_wconf 63' lang='lat' dir='ltr'><strong>oppnmitss’</strong></span> 
     </span>
    </p>
   </div>
   <div class='ocr_carea' id='block_1_3' title="bbox 335 2012 1335 2598">
    <p class='ocr_par' dir='ltr' id='par_1_5' title="bbox 335 2012 1335 2598">
     <span class='ocr_line' id='line_1_11' title="bbox 417 2012 1334 2097; baseline -0.008 -13"><span class='ocrx_word' id='word_1_59' title='bbox 417 2012 530 2084; x_wconf 87' lang='lat' dir='ltr'><strong>“Nihil</strong></span> <span class='ocrx_word' id='word_1_60' title='bbox 542 2013 676 2097; x_wconf 81' lang='lat' dir='ltr'><strong>urget,&#39;&#39;</strong></span> <span class='ocrx_word' id='word_1_61' title='bbox 690 2013 820 2083; x_wconf 85' lang='lat' dir='ltr'><strong>solatur</strong></span> <span class='ocrx_word' id='word_1_62' title='bbox 834 2035 915 2084; x_wconf 90' lang='lat' dir='ltr'><strong>eum</strong></span> <span class='ocrx_word' id='word_1_63' title='bbox 929 2013 1054 2096; x_wconf 90' lang='lat' dir='ltr'><strong>Grady‚</strong></span> <span class='ocrx_word' id='word_1_64' title='bbox 1069 2017 1105 2081; x_wconf 92' lang='lat' dir='ltr'><strong>et</strong></span> <span class='ocrx_word' id='word_1_65' title='bbox 1119 2031 1227 2094; x_wconf 86' lang='lat' dir='ltr'><strong>quum</strong></span> <span class='ocrx_word' id='word_1_66' title='bbox 1242 2029 1334 2078; x_wconf 90' lang='lat' dir='ltr'><strong>mea·</strong></span> 
     </span>
     <span class='ocr_line' id='line_1_12' title="bbox 335 2109 1332 2266; baseline -0.006 -83"><span class='ocrx_word' id='word_1_67' title='bbox 335 2119 400 2229; x_wconf 40' lang='lat' dir='ltr'><strong>tus·</strong></span> <span class='ocrx_word' id='word_1_68' title='bbox 412 2114 551 2266; x_wconf 45' lang='lat' dir='ltr'><strong>spissffis</strong></span> <span class='ocrx_word' id='word_1_69' title='bbox 571 2114 740 2184; x_wconf 86' lang='lat' dir='ltr'><strong>allevatus</strong></span> <span class='ocrx_word' id='word_1_70' title='bbox 760 2120 822 2197; x_wconf 88' lang='lat' dir='ltr'><strong>est,</strong></span> <span class='ocrx_word' id='word_1_71' title='bbox 858 2112 1001 2195; x_wconf 88' lang='lat' dir='ltr'><strong>“Narra,</strong></span> <span class='ocrx_word' id='word_1_72' title='bbox 1024 2113 1130 2193; x_wconf 90' lang='lat' dir='ltr'><strong>sodes,</strong></span> <span class='ocrx_word' id='word_1_73' title='bbox 1154 2109 1236 2194; x_wconf 88' lang='lat' dir='ltr'><strong>quid</strong></span> <span class='ocrx_word' id='word_1_74' title='bbox 1256 2115 1332 2178; x_wconf 93' lang='lat' dir='ltr'><strong>tum</strong></span> 
     </span>
     <span class='ocr_line' id='line_1_13' title="bbox 335 2215 1333 2398; baseline -0.009 -13"><span class='ocrx_word' id='word_1_75' title='bbox 335 2215 631 2397; x_wconf 56' lang='lat' dir='ltr'><strong>feels‘h‘i&#39;antopere</strong></span> <span class='ocrx_word' id='word_1_76' title='bbox 654 2313 816 2397; x_wconf 88' lang='lat' dir='ltr'><strong>pavitavi,</strong></span> <span class='ocrx_word' id='word_1_77' title='bbox 841 2313 888 2383; x_wconf 93' lang='lat' dir='ltr'><strong>mi</strong></span> <span class='ocrx_word' id='word_1_78' title='bbox 912 2314 1012 2398; x_wconf 92' lang='lat' dir='ltr'><strong>Here,</strong></span> <span class='ocrx_word' id='word_1_79' title='bbox 1036 2319 1077 2384; x_wconf 93' lang='lat' dir='ltr'><strong>ut</strong></span> <span class='ocrx_word' id='word_1_80' title='bbox 1102 2311 1160 2380; x_wconf 88' lang='lat' dir='ltr'><strong>vix</strong></span> <span class='ocrx_word' id='word_1_81' title='bbox 1189 2309 1333 2394; x_wconf 92' lang='lat' dir='ltr'><strong>pedibus</strong></span> 
     </span>
     <span class='ocr_line' id='line_1_14' title="bbox 339 2412 1334 2496; baseline -0.006 -12"><span class='ocrx_word' id='word_1_82' title='bbox 339 2414 521 2485; x_wconf 85' lang='lat' dir='ltr'><strong>consistere</strong></span> <span class='ocrx_word' id='word_1_83' title='bbox 535 2415 703 2496; x_wconf 81' lang='lat' dir='ltr'><strong>valerem3</strong></span> <span class='ocrx_word' id='word_1_84' title='bbox 735 2419 850 2484; x_wconf 88' lang='lat' dir='ltr'><strong>tamen</strong></span> <span class='ocrx_word' id='word_1_85' title='bbox 865 2414 909 2484; x_wconf 88' lang='lat' dir='ltr'><strong>ad</strong></span> <span class='ocrx_word' id='word_1_86' title='bbox 923 2414 1030 2484; x_wconf 89' lang='lat' dir='ltr'><strong>imum</strong></span> <span class='ocrx_word' id='word_1_87' title='bbox 1045 2412 1191 2496; x_wconf 79' lang='lat' dir='ltr'><strong>gradum</strong></span> <span class='ocrx_word' id='word_1_88' title='bbox 1207 2431 1334 2492; x_wconf 83' lang='lat' dir='ltr'><strong>magno</strong></span> 
     </span>
     <span class='ocr_line' id='line_1_15' title="bbox 337 2511 1335 2598; baseline -0.006 -14"><span class='ocrx_word' id='word_1_89' title='bbox 337 2522 461 2585; x_wconf 92' lang='lat' dir='ltr'><strong>conatu</strong></span> <span class='ocrx_word' id='word_1_90' title='bbox 476 2514 627 2598; x_wconf 90' lang='lat' dir='ltr'><strong>perveni,</strong></span> <span class='ocrx_word' id='word_1_91' title='bbox 643 2520 678 2584; x_wconf 93' lang='lat' dir='ltr'><strong>et</strong></span> <span class='ocrx_word' id='word_1_92' title='bbox 693 2513 803 2584; x_wconf 88' lang='lat' dir='ltr'><strong>Parks</strong></span> <span class='ocrx_word' id='word_1_93' title='bbox 815 2514 1005 2597; x_wconf 89' lang='lat' dir='ltr'><strong>inclamavi,</strong></span> <span class='ocrx_word' id='word_1_94' title='bbox 1019 2515 1079 2598; x_wconf 92' lang='lat' dir='ltr'><strong>qui</strong></span> <span class='ocrx_word' id='word_1_95' title='bbox 1094 2511 1249 2597; x_wconf 90' lang='lat' dir='ltr'><strong>protinus</strong></span> <span class='ocrx_word' id='word_1_96' title='bbox 1259 2532 1335 2580; x_wconf 92' lang='lat' dir='ltr'><strong>cur·</strong></span> 
     </span>
    </p>
   </div>
   <div class='ocr_carea' id='block_1_4' title="bbox 336 2609 1333 2785">
    <p class='ocr_par' dir='ltr' id='par_1_6' title="bbox 336 2609 1333 2785">
     <span class='ocr_line' id='line_1_16' title="bbox 336 2609 1333 2784; baseline -0.003 -101"><span class='ocrx_word' id='word_1_97' title='bbox 336 2636 428 2784; x_wconf 49' lang='lat' dir='ltr'><strong>ren}1</strong></span> <span class='ocrx_word' id='word_1_98' title='bbox 429 2614 602 2686; x_wconf 88' lang='lat' dir='ltr'><strong>descendit</strong></span> <span class='ocrx_word' id='word_1_99' title='bbox 616 2650 658 2661; x_wconf 96' lang='lat'><em>-</em></span> <span class='ocrx_word' id='word_1_100' title='bbox 673 2621 709 2685; x_wconf 90' lang='lat' dir='ltr'><strong>ct</strong></span> <span class='ocrx_word' id='word_1_101' title='bbox 723 2614 787 2685; x_wconf 92' lang='lat' dir='ltr'><strong>hoc</strong></span> <span class='ocrx_word' id='word_1_102' title='bbox 802 2621 914 2685; x_wconf 89' lang='lat' dir='ltr'><strong>totum</strong></span> <span class='ocrx_word' id='word_1_103' title='bbox 929 2622 982 2685; x_wconf 92' lang='lat' dir='ltr'><strong>est</strong></span> <span class='ocrx_word' id='word_1_104' title='bbox 997 2621 1164 2698; x_wconf 88' lang='lat' dir='ltr'><strong>quantum</strong></span> <span class='ocrx_word' id='word_1_105' title='bbox 1184 2609 1333 2692; x_wconf 91' lang='lat' dir='ltr'><strong>memini,</strong></span> 
     </span>
     <span class='ocr_line' id='line_1_17' title="bbox 336 2715 517 2785; baseline 0.011 -2"><span class='ocrx_word' id='word_1_106' title='bbox 336 2735 383 2783; x_wconf 86' lang='lat' dir='ltr'><strong>mr</strong></span> <span class='ocrx_word' id='word_1_107' title='bbox 429 2715 517 2785; x_wconf 87' lang='lat' dir='ltr'><strong>ere.&#39;’</strong></span> 
     </span>
    </p>
   </div>
   <div class='ocr_carea' id='block_1_5' title="bbox 417 2829 928 2904">
    <p class='ocr_par' dir='ltr' id='par_1_7' title="bbox 417 2829 928 2904">
     <span class='ocr_line' id='line_1_18' title="bbox 417 2829 928 2904; baseline 0.008 -4"><span class='ocrx_word' id='word_1_108' title='bbox 417 2829 563 2902; x_wconf 89' lang='lat' dir='ltr'><strong>“Mulier</strong></span> <span class='ocrx_word' id='word_1_109' title='bbox 576 2853 645 2902; x_wconf 89' lang='lat' dir='ltr'><strong>non</strong></span> <span class='ocrx_word' id='word_1_110' title='bbox 659 2831 714 2903; x_wconf 93' lang='lat' dir='ltr'><strong>hic</strong></span> <span class='ocrx_word' id='word_1_111' title='bbox 729 2831 928 2904; x_wconf 49' lang='lat' dir='ltr'><strong>interfuit?</strong></span> 
     </span>
    </p>
   </div>
   <div class='ocr_carea' id='block_1_6' title="bbox 335 2929 1337 3433">
    <p class='ocr_par' dir='ltr' id='par_1_8' title="bbox 418 2929 608 3001">
     <span class='ocr_line' id='line_1_19' title="bbox 418 2929 608 3001; baseline 0.016 -43"><span class='ocrx_word' id='word_1_112' title='bbox 418 2929 608 3001; x_wconf 68' lang='lat' dir='ltr'><strong>“Minime-n</strong></span> 
     </span>
    </p>

    <p class='ocr_par' dir='ltr' id='par_1_9' title="bbox 417 3029 959 3116">
     <span class='ocr_line' id='line_1_20' title="bbox 417 3029 959 3116; baseline 0.004 -16"><span class='ocrx_word' id='word_1_113' title='bbox 417 3029 715 3115; x_wconf 85' lang='lat' dir='ltr'><strong>“Perquisivistine</strong></span> <span class='ocrx_word' id='word_1_114' title='bbox 729 3033 915 3116; x_wconf 85' lang='lat' dir='ltr'><strong>penetralia</strong></span> <span class='ocrx_word' id='word_1_115' title='bbox 922 3033 959 3102; x_wconf 80' lang='lat'><strong>?”</strong></span> 
     </span>
    </p>

    <p class='ocr_par' dir='ltr' id='par_1_10' title="bbox 335 3147 1337 3433">
     <span class='ocr_line' id='line_1_21' title="bbox 419 3147 1336 3234; baseline -0.003 -16"><span class='ocrx_word' id='word_1_116' title='bbox 419 3147 519 3218; x_wconf 88' lang='lat' dir='ltr'><strong>“Non</strong></span> <span class='ocrx_word' id='word_1_117' title='bbox 533 3149 620 3231; x_wconf 84' lang='lat' dir='ltr'><strong>feci;</strong></span> <span class='ocrx_word' id='word_1_118' title='bbox 641 3149 917 3234; x_wconf 85' lang='lat' dir='ltr'><strong>quandoquidem</strong></span> <span class='ocrx_word' id='word_1_119' title='bbox 933 3150 1058 3221; x_wconf 87' lang='lat' dir='ltr'><strong>ostium</strong></span> <span class='ocrx_word' id='word_1_120' title='bbox 1083 3171 1151 3218; x_wconf 93' lang='lat' dir='ltr'><strong>non</strong></span> <span class='ocrx_word' id='word_1_121' title='bbox 1177 3147 1336 3230; x_wconf 90' lang='lat' dir='ltr'><strong>obpessu·</strong></span> 
     </span>
     <span class='ocr_line' id='line_1_22' title="bbox 335 3245 1337 3331; baseline -0.004 -14"><span class='ocrx_word' id='word_1_122' title='bbox 335 3247 442 3317; x_wconf 89' lang='lat' dir='ltr'><strong>latum</strong></span> <span class='ocrx_word' id='word_1_123' title='bbox 457 3247 578 3331; x_wconf 89' lang='lat' dir='ltr'><strong>reperi,</strong></span> <span class='ocrx_word' id='word_1_124' title='bbox 593 3251 678 3318; x_wconf 86' lang='lat' dir='ltr'><strong>satis</strong></span> <span class='ocrx_word' id='word_1_125' title='bbox 691 3249 773 3318; x_wconf 89' lang='lat' dir='ltr'><strong>scivi</strong></span> <span class='ocrx_word' id='word_1_126' title='bbox 788 3271 864 3320; x_wconf 85' lang='lat' dir='ltr'><strong>eam</strong></span> <span class='ocrx_word' id='word_1_127' title='bbox 879 3249 1077 3320; x_wconf 87' lang='lat' dir='ltr'><strong>discessisse.</strong></span> <span class='ocrx_word' id='word_1_128' title='bbox 1114 3248 1248 3319; x_wconf 87' lang='lat' dir='ltr'><strong>Ostium</strong></span> <span class='ocrx_word' id='word_1_129' title='bbox 1263 3245 1337 3330; x_wconf 89' lang='lat' dir='ltr'><strong>ipsa</strong></span> 
     </span>
     <span class='ocr_line' id='line_1_23' title="bbox 335 3347 1026 3433; baseline 0.004 -18"><span class='ocrx_word' id='word_1_130' title='bbox 335 3369 403 3416; x_wconf 89' lang='lat' dir='ltr'><strong>uon</strong></span> <span class='ocrx_word' id='word_1_131' title='bbox 419 3347 564 3430; x_wconf 89' lang='lat' dir='ltr'><strong>impulit,</strong></span> <span class='ocrx_word' id='word_1_132' title='bbox 580 3348 691 3419; x_wconf 84' lang='lat' dir='ltr'><strong>verita</strong></span> <span class='ocrx_word' id='word_1_133' title='bbox 705 3371 750 3418; x_wconf 91' lang='lat' dir='ltr'><strong>ne</strong></span> <span class='ocrx_word' id='word_1_134' title='bbox 762 3371 827 3433; x_wconf 82' lang='lat' dir='ltr'><strong>ego</strong></span> <span class='ocrx_word' id='word_1_135' title='bbox 841 3349 1026 3418; x_wconf 86' lang='lat' dir='ltr'><strong>audirem.”</strong></span> 
     </span>
    </p>
   </div>
   <div class='ocr_carea' id='block_1_7' title="bbox 336 3462 1336 3735">
    <p class='ocr_par' dir='ltr' id='par_1_11' title="bbox 336 3462 1336 3735">
     <span class='ocr_line' id='line_1_24' title="bbox 418 3462 1334 3549; baseline -0.001 -16"><span class='ocrx_word' id='word_1_136' title='bbox 418 3462 512 3533; x_wconf 90' lang='lat' dir='ltr'><strong>“Hoc</strong></span> <span class='ocrx_word' id='word_1_137' title='bbox 536 3464 674 3547; x_wconf 91' lang='lat' dir='ltr'><strong>quidem</strong></span> <span class='ocrx_word' id='word_1_138' title='bbox 693 3465 884 3535; x_wconf 90' lang='lat' dir='ltr'><strong>verosimile</strong></span> <span class='ocrx_word' id='word_1_139' title='bbox 909 3465 1037 3548; x_wconf 88' lang='lat' dir='ltr'><strong>sonat,&#39;’</strong></span> <span class='ocrx_word' id='word_1_140' title='bbox 1064 3465 1185 3549; x_wconf 89' lang='lat' dir='ltr'><strong>probat</strong></span> <span class='ocrx_word' id='word_1_141' title='bbox 1210 3463 1334 3546; x_wconf 86' lang='lat' dir='ltr'><strong>Grady.</strong></span> 
     </span>
     <span class='ocr_line' id='line_1_25' title="bbox 336 3561 1336 3647; baseline -0.001 -14"><span class='ocrx_word' id='word_1_142' title='bbox 336 3561 403 3633; x_wconf 88' lang='lat' dir='ltr'><strong>“At</strong></span> <span class='ocrx_word' id='word_1_143' title='bbox 418 3563 500 3647; x_wconf 86' lang='lat' dir='ltr'><strong>quid</strong></span> <span class='ocrx_word' id='word_1_144' title='bbox 517 3571 551 3634; x_wconf 90' lang='lat' dir='ltr'><strong>te</strong></span> <span class='ocrx_word' id='word_1_145' title='bbox 567 3565 698 3635; x_wconf 89' lang='lat' dir='ltr'><strong>inducit</strong></span> <span class='ocrx_word' id='word_1_146' title='bbox 712 3566 756 3636; x_wconf 88' lang='lat' dir='ltr'><strong>ad</strong></span> <span class='ocrx_word' id='word_1_147' title='bbox 771 3565 979 3637; x_wconf 89' lang='lat' dir='ltr'><strong>credendum</strong></span> <span class='ocrx_word' id='word_1_148' title='bbox 1009 3588 1086 3636; x_wconf 87' lang='lat' dir='ltr'><strong>eam</strong></span> <span class='ocrx_word' id='word_1_149' title='bbox 1099 3565 1173 3635; x_wconf 91' lang='lat' dir='ltr'><strong>heri</strong></span> <span class='ocrx_word' id='word_1_150' title='bbox 1188 3563 1336 3635; x_wconf 91' lang='lat' dir='ltr'><strong>Vantine</strong></span> 
     </span>
     <span class='ocr_line' id='line_1_26' title="bbox 337 3664 671 3735; baseline 0.009 -3"><span class='ocrx_word' id='word_1_151' title='bbox 337 3685 455 3734; x_wconf 90' lang='lat' dir='ltr'><strong>necem</strong></span> <span class='ocrx_word' id='word_1_152' title='bbox 470 3664 624 3735; x_wconf 92' lang='lat' dir='ltr'><strong>intulisse</strong></span> <span class='ocrx_word' id='word_1_153' title='bbox 633 3665 671 3735; x_wconf 78' lang='lat'><strong>?”</strong></span> 
     </span>
    </p>
   </div>
   <div class='ocr_carea' id='block_1_8' title="bbox 333 3778 1336 4266">
    <p class='ocr_par' dir='ltr' id='par_1_12' title="bbox 333 3778 1336 4266">
     <span class='ocr_line' id='line_1_27' title="bbox 417 3778 1334 3866; baseline 0 -16"><span class='ocrx_word' id='word_1_154' title='bbox 417 3778 538 3864; x_wconf 87' lang='lat' dir='ltr'><strong>“Hem,</strong></span> <span class='ocrx_word' id='word_1_155' title='bbox 553 3781 601 3851; x_wconf 92' lang='lat' dir='ltr'><strong>mi</strong></span> <span class='ocrx_word' id='word_1_156' title='bbox 616 3782 737 3865; x_wconf 89' lang='lat' dir='ltr'><strong>Here,’&#39;</strong></span> <span class='ocrx_word' id='word_1_157' title='bbox 753 3783 884 3866; x_wconf 82' lang='lat' dir='ltr'><strong>Rogers</strong></span> <span class='ocrx_word' id='word_1_158' title='bbox 894 3783 1029 3855; x_wconf 87' lang='lat' dir='ltr'><strong>tractim</strong></span> <span class='ocrx_word' id='word_1_159' title='bbox 1040 3781 1230 3866; x_wconf 90' lang='lat' dir='ltr'><strong>respondet,</strong></span> <span class='ocrx_word' id='word_1_160' title='bbox 1247 3780 1334 3850; x_wconf 86' lang='lat' dir='ltr'><strong>“iam</strong></span> 
     </span>
     <span class='ocr_line' id='line_1_28' title="bbox 334 3881 1335 3968; baseline 0.001 -18"><span class='ocrx_word' id='word_1_161' title='bbox 334 3882 447 3952; x_wconf 84' lang='lat' dir='ltr'><strong>fateor</strong></span> <span class='ocrx_word' id='word_1_162' title='bbox 461 3902 517 3951; x_wconf 90' lang='lat' dir='ltr'><strong>me</strong></span> <span class='ocrx_word' id='word_1_163' title='bbox 532 3903 600 3952; x_wconf 89' lang='lat' dir='ltr'><strong>non</strong></span> <span class='ocrx_word' id='word_1_164' title='bbox 616 3883 806 3965; x_wconf 87' lang='lat' dir='ltr'><strong>oportuisse</strong></span> <span class='ocrx_word' id='word_1_165' title='bbox 819 3884 854 3954; x_wconf 93' lang='lat' dir='ltr'><strong>id</strong></span> <span class='ocrx_word' id='word_1_166' title='bbox 869 3905 1084 3968; x_wconf 87' lang='lat' dir='ltr'><strong>asseverare;</strong></span> <span class='ocrx_word' id='word_1_167' title='bbox 1106 3904 1229 3954; x_wconf 88' lang='lat' dir='ltr'><strong>verum</strong></span> <span class='ocrx_word' id='word_1_168' title='bbox 1249 3881 1335 3952; x_wconf 86' lang='lat' dir='ltr'><strong>ostio</strong></span> 
     </span>
     <span class='ocr_line' id='line_1_29' title="bbox 334 3981 1336 4066; baseline 0.002 -16"><span class='ocrx_word' id='word_1_169' title='bbox 334 3981 383 4051; x_wconf 91' lang='lat' dir='ltr'><strong>ita</strong></span> <span class='ocrx_word' id='word_1_170' title='bbox 398 3988 544 4065; x_wconf 90' lang='lat' dir='ltr'><strong>reperto,</strong></span> <span class='ocrx_word' id='word_1_171' title='bbox 560 3983 639 4053; x_wconf 87' lang='lat' dir='ltr'><strong>dein</strong></span> <span class='ocrx_word' id='word_1_172' title='bbox 663 3983 710 4054; x_wconf 91' lang='lat' dir='ltr'><strong>sic</strong></span> <span class='ocrx_word' id='word_1_173' title='bbox 732 3983 873 4055; x_wconf 90' lang='lat' dir='ltr'><strong>invento</strong></span> <span class='ocrx_word' id='word_1_174' title='bbox 895 3984 978 4055; x_wconf 93' lang='lat' dir='ltr'><strong>hero</strong></span> <span class='ocrx_word' id='word_1_175' title='bbox 1001 3984 1159 4066; x_wconf 88' lang='lat' dir='ltr'><strong>Vantine,</strong></span> <span class='ocrx_word' id='word_1_176' title='bbox 1183 4005 1239 4053; x_wconf 87' lang='lat' dir='ltr'><strong>me</strong></span> <span class='ocrx_word' id='word_1_177' title='bbox 1253 4003 1336 4066; x_wconf 86' lang='lat' dir='ltr'><strong>quo</strong></span> 
     </span>
     <span class='ocr_line' id='line_1_30' title="bbox 333 4081 1333 4166; baseline 0.001 -15"><span class='ocrx_word' id='word_1_178' title='bbox 333 4081 515 4152; x_wconf 85' lang='lat' dir='ltr'><strong>dammodo</strong></span> <span class='ocrx_word' id='word_1_179' title='bbox 529 4084 786 4166; x_wconf 89' lang='lat' dir='ltr'><strong>supplantatum</strong></span> <span class='ocrx_word' id='word_1_180' title='bbox 801 4085 890 4155; x_wconf 88' lang='lat' dir='ltr'><strong>sensi</strong></span> <span class='ocrx_word' id='word_1_181' title='bbox 905 4120 948 4131; x_wconf 93' lang='lat'>-</span> <span class='ocrx_word' id='word_1_182' title='bbox 960 4106 1029 4156; x_wconf 87' lang='lat' dir='ltr'><strong>non</strong></span> <span class='ocrx_word' id='word_1_183' title='bbox 1044 4105 1165 4155; x_wconf 85' lang='lat' dir='ltr'><strong>revera</strong></span> <span class='ocrx_word' id='word_1_184' title='bbox 1187 4083 1333 4154; x_wconf 91' lang='lat' dir='ltr'><strong>sciebam</strong></span> 
     </span>
     <span class='ocr_line' id='line_1_31' title="bbox 333 4181 707 4266; baseline 0.003 -14"><span class='ocrx_word' id='word_1_185' title='bbox 333 4181 415 4265; x_wconf 86' lang='lat' dir='ltr'><strong>quid</strong></span> <span class='ocrx_word' id='word_1_186' title='bbox 429 4187 505 4252; x_wconf 86' lang='lat' dir='ltr'><strong>turn</strong></span> <span class='ocrx_word' id='word_1_187' title='bbox 520 4183 707 4266; x_wconf 90' lang='lat' dir='ltr'><strong>loquerer.”</strong></span> 
     </span>
    </p>
   </div>
   <div class='ocr_carea' id='block_1_9' title="bbox 0 0 1757 5158">
    <p class='ocr_par' dir='ltr' id='par_1_13' title="bbox 0 0 1757 5158">
     <span class='ocr_line' id='line_1_32' title="bbox 0 0 1757 5158; baseline 0 0"><span class='ocrx_word' id='word_1_188' title='bbox 0 0 1757 5158; x_wconf 95' lang='lat' dir='ltr'><strong> </strong></span> 
     </span>
    </p>
   </div>
  </div>
 </body>
</html>
