<?xml version="1.0" encoding="UTF-8"?>
<!DOCTYPE html PUBLIC "-//W3C//DTD XHTML 1.0 Transitional//EN"
    "http://www.w3.org/TR/xhtml1/DTD/xhtml1-transitional.dtd">
<html xmlns="http://www.w3.org/1999/xhtml" xml:lang="en" lang="en">
 <head>
  <title>
</title>
<meta http-equiv="Content-Type" content="text/html;charset=utf-8" />
  <meta name='ocr-system' content='tesseract 3.04.00' />
  <meta name='ocr-capabilities' content='ocr_page ocr_carea ocr_par ocr_line ocrx_word'/>
</head>
<body>
  <div class='ocr_page' id='page_1' title='image "./mysteriumarcbou00mogygoog/mysteriumarcbou00mogygoog_0116.png"; bbox 0 0 3554 5156; ppageno 0'>
   <div class='ocr_carea' id='block_1_1' title="bbox 685 845 1348 919">
    <p class='ocr_par' dir='ltr' id='par_1_1' title="bbox 685 845 1348 919">
     <span class='ocr_line' id='line_1_1' title="bbox 685 845 1348 919; baseline -0.008 -1"><span class='ocrx_word' id='word_1_1' title='bbox 685 863 971 919; x_wconf 80' lang='lat' dir='ltr'>nnmomnonns</span> <span class='ocrx_word' id='word_1_2' title='bbox 1286 845 1348 916; x_wconf 90' lang='grc'>101</span> 
     </span>
    </p>
   </div>
   <div class='ocr_carea' id='block_1_2' title="bbox 344 1031 1350 3617">
    <p class='ocr_par' dir='ltr' id='par_1_2' title="bbox 350 1031 1349 1526">
     <span class='ocr_line' id='line_1_2' title="bbox 350 1031 1348 1116; baseline -0.002 -14"><span class='ocrx_word' id='word_1_3' title='bbox 350 1033 475 1102; x_wconf 90' lang='lat' dir='ltr'>culum.</span> <span class='ocrx_word' id='word_1_4' title='bbox 497 1031 600 1102; x_wconf 90' lang='lat' dir='ltr'>Sume</span> <span class='ocrx_word' id='word_1_5' title='bbox 616 1033 787 1103; x_wconf 87' lang='lat' dir='ltr'>animum!</span> <span class='ocrx_word' id='word_1_6' title='bbox 809 1033 897 1116; x_wconf 86' lang='lat' dir='ltr'>Quin</span> <span class='ocrx_word' id='word_1_7' title='bbox 913 1055 968 1102; x_wconf 91' lang='lat' dir='ltr'>res</span> <span class='ocrx_word' id='word_1_8' title='bbox 983 1032 1128 1115; x_wconf 84' lang='lat' dir='ltr'>idgenus</span> <span class='ocrx_word' id='word_1_9' title='bbox 1149 1031 1206 1100; x_wconf 85' lang='lat' dir='ltr'>vix</span> <span class='ocrx_word' id='word_1_10' title='bbox 1233 1033 1291 1102; x_wconf 93' lang='lat' dir='ltr'>ulli</span> <span class='ocrx_word' id='word_1_11' title='bbox 1314 1033 1348 1100; x_wconf 92' lang='lat' dir='ltr'>in</span> 
     </span>
     <span class='ocr_line' id='line_1_3' title="bbox 350 1133 1348 1217; baseline -0.002 -15"><span class='ocrx_word' id='word_1_12' title='bbox 350 1135 422 1202; x_wconf 92' lang='lat' dir='ltr'>vita</span> <span class='ocrx_word' id='word_1_13' title='bbox 444 1134 547 1202; x_wconf 88' lang='lat' dir='ltr'>semel</span> <span class='ocrx_word' id='word_1_14' title='bbox 572 1134 739 1217; x_wconf 86' lang='lat' dir='ltr'>contingit</span> <span class='ocrx_word' id='word_1_15' title='bbox 765 1170 806 1179; x_wconf 92' lang='lat'>-</span> <span class='ocrx_word' id='word_1_16' title='bbox 832 1141 986 1203; x_wconf 89' lang='lat' dir='ltr'>evertere</span> <span class='ocrx_word' id='word_1_17' title='bbox 1010 1135 1182 1202; x_wconf 89' lang='lat' dir='ltr'>occultum</span> <span class='ocrx_word' id='word_1_18' title='bbox 1196 1133 1348 1202; x_wconf 84' lang='lat' dir='ltr'>forulum</span> 
     </span>
     <span class='ocr_line' id='line_1_4' title="bbox 350 1233 1349 1317; baseline 0 -15"><span class='ocrx_word' id='word_1_19' title='bbox 350 1241 515 1303; x_wconf 89' lang='lat' dir='ltr'>matronae</span> <span class='ocrx_word' id='word_1_20' title='bbox 540 1235 583 1304; x_wconf 91' lang='lat' dir='ltr'>de</span> <span class='ocrx_word' id='word_1_21' title='bbox 609 1235 828 1316; x_wconf 90' lang='lat' dir='ltr'>Montespan!</span> <span class='ocrx_word' id='word_1_22' title='bbox 864 1234 917 1304; x_wconf 88' lang='lat' dir='ltr'>Sic</span> <span class='ocrx_word' id='word_1_23' title='bbox 942 1233 1135 1317; x_wconf 59' lang='lat' dir='ltr'>prosector</span> <span class='ocrx_word' id='word_1_24' title='bbox 1171 1233 1349 1316; x_wconf 85' lang='lat' dir='ltr'>subiungit</span> 
     </span>
     <span class='ocr_line' id='line_1_5' title="bbox 350 1333 1348 1416; baseline -0.002 -12"><span class='ocrx_word' id='word_1_25' title='bbox 350 1335 456 1404; x_wconf 90' lang='lat' dir='ltr'>oculis</span> <span class='ocrx_word' id='word_1_26' title='bbox 468 1334 683 1416; x_wconf 89' lang='lat' dir='ltr'>micantibus,</span> <span class='ocrx_word' id='word_1_27' title='bbox 698 1333 754 1404; x_wconf 90' lang='lat' dir='ltr'>“et</span> <span class='ocrx_word' id='word_1_28' title='bbox 778 1341 820 1404; x_wconf 92' lang='lat' dir='ltr'>ut</span> <span class='ocrx_word' id='word_1_29' title='bbox 846 1335 981 1403; x_wconf 86' lang='lat' dir='ltr'>insimul</span> <span class='ocrx_word' id='word_1_30' title='bbox 1007 1334 1217 1404; x_wconf 83' lang='lat' dir='ltr'>malefactori</span> <span class='ocrx_word' id='word_1_31' title='bbox 1241 1334 1348 1402; x_wconf 87' lang='lat' dir='ltr'>nostri</span> 
     </span>
     <span class='ocr_line' id='line_1_6' title="bbox 350 1434 1349 1526; baseline -0.002 -22"><span class='ocrx_word' id='word_1_32' title='bbox 350 1435 415 1504; x_wconf 88' lang='lat' dir='ltr'>aevi</span> <span class='ocrx_word' id='word_1_33' title='bbox 430 1434 653 1504; x_wconf 87' lang='lat' dir='ltr'>audacissimo</span> <span class='ocrx_word' id='word_1_34' title='bbox 667 1457 729 1504; x_wconf 91' lang='lat' dir='ltr'>nos</span> <span class='ocrx_word' id='word_1_35' title='bbox 743 1436 833 1518; x_wconf 88' lang='lat' dir='ltr'>ipsos</span> <span class='ocrx_word' id='word_1_36' title='bbox 848 1457 964 1526; x_wconf 88' lang='lat' dir='ltr'>aequas</span> <span class='ocrx_word' id='word_1_37' title='bbox 975 1434 1189 1517; x_wconf 87' lang='lat' dir='ltr'>praebeamus</span> <span class='ocrx_word' id='word_1_38' title='bbox 1201 1434 1312 1503; x_wconf 90' lang='lat' dir='ltr'>obices</span> <span class='ocrx_word' id='word_1_39' title='bbox 1320 1434 1349 1502; x_wconf 86' lang='lat' dir='ltr'>l”</span> 
     </span>
    </p>

    <p class='ocr_par' dir='ltr' id='par_1_3' title="bbox 433 1534 1292 1618">
     <span class='ocr_line' id='line_1_7' title="bbox 433 1534 1292 1618; baseline -0.001 -15"><span class='ocrx_word' id='word_1_40' title='bbox 433 1534 534 1604; x_wconf 86' lang='lat' dir='ltr'><strong>Risus</strong></span> <span class='ocrx_word' id='word_1_41' title='bbox 549 1535 621 1604; x_wconf 87' lang='lat' dir='ltr'>eius</span> <span class='ocrx_word' id='word_1_42' title='bbox 635 1535 745 1618; x_wconf 91' lang='lat' dir='ltr'>petilis</span> <span class='ocrx_word' id='word_1_43' title='bbox 759 1535 861 1604; x_wconf 83' lang='lat' dir='ltr'>index</span> <span class='ocrx_word' id='word_1_44' title='bbox 875 1557 947 1604; x_wconf 86' lang='lat' dir='ltr'>suae</span> <span class='ocrx_word' id='word_1_45' title='bbox 963 1541 1037 1603; x_wconf 90' lang='lat' dir='ltr'>erat</span> <span class='ocrx_word' id='word_1_46' title='bbox 1051 1534 1292 1603; x_wconf 88' lang='lat' dir='ltr'>concitationis.</span> 
     </span>
    </p>

    <p class='ocr_par' dir='ltr' id='par_1_4' title="bbox 350 1633 1350 1915">
     <span class='ocr_line' id='line_1_8' title="bbox 433 1633 1350 1717; baseline -0.001 -14"><span class='ocrx_word' id='word_1_47' title='bbox 433 1633 550 1715; x_wconf 88' lang='lat' dir='ltr'>“Dein‚</span> <span class='ocrx_word' id='word_1_48' title='bbox 566 1635 682 1716; x_wconf 84' lang='lat' dir='ltr'>scisne,</span> <span class='ocrx_word' id='word_1_49' title='bbox 698 1635 744 1702; x_wconf 93' lang='lat' dir='ltr'>mi</span> <span class='ocrx_word' id='word_1_50' title='bbox 760 1635 889 1716; x_wconf 87' lang='lat' dir='ltr'>Lester,</span> <span class='ocrx_word' id='word_1_51' title='bbox 905 1635 988 1716; x_wconf 84' lang='lat' dir='ltr'>quid</span> <span class='ocrx_word' id='word_1_52' title='bbox 1005 1635 1038 1703; x_wconf 93' lang='lat' dir='ltr'>in</span> <span class='ocrx_word' id='word_1_53' title='bbox 1052 1656 1093 1703; x_wconf 91' lang='lat' dir='ltr'>eo</span> <span class='ocrx_word' id='word_1_54' title='bbox 1108 1635 1221 1703; x_wconf 80' lang='lat' dir='ltr'>forulo</span> <span class='ocrx_word' id='word_1_55' title='bbox 1237 1656 1350 1717; x_wconf 91' lang='lat' dir='ltr'>reper-</span> 
     </span>
     <span class='ocr_line' id='line_1_9' title="bbox 350 1734 1350 1817; baseline 0 -15"><span class='ocrx_word' id='word_1_56' title='bbox 350 1735 417 1802; x_wconf 88' lang='lat' dir='ltr'>turi</span> <span class='ocrx_word' id='word_1_57' title='bbox 434 1735 563 1802; x_wconf 83' lang='lat' dir='ltr'>simus?</span> <span class='ocrx_word' id='word_1_58' title='bbox 584 1736 631 1803; x_wconf 86' lang='lat' dir='ltr'>At</span> <span class='ocrx_word' id='word_1_59' title='bbox 646 1734 709 1802; x_wconf 90' lang='lat' dir='ltr'>hoc</span> <span class='ocrx_word' id='word_1_60' title='bbox 726 1741 832 1803; x_wconf 90' lang='lat' dir='ltr'>-est</span> <span class='ocrx_word' id='word_1_61' title='bbox 857 1737 1012 1817; x_wconf 84' lang='lat' dir='ltr'>profecto</span> <span class='ocrx_word' id='word_1_62' title='bbox 1036 1757 1131 1803; x_wconf 89' lang='lat' dir='ltr'>mera</span> <span class='ocrx_word' id='word_1_63' title='bbox 1156 1734 1350 1803; x_wconf 87' lang='lat' dir='ltr'>coniectura</span> 
     </span>
     <span class='ocr_line' id='line_1_10' title="bbox 352 1834 1350 1915; baseline -0.001 -13"><span class='ocrx_word' id='word_1_64' title='bbox 352 1870 393 1878; x_wconf 88' lang='lat'>—</span> <span class='ocrx_word' id='word_1_65' title='bbox 408 1835 601 1903; x_wconf 90' lang='lat' dir='ltr'>coniectura</span> <span class='ocrx_word' id='word_1_66' title='bbox 616 1835 810 1915; x_wconf 88' lang='lat' dir='ltr'>coecissima,</span> <span class='ocrx_word' id='word_1_67' title='bbox 820 1835 878 1903; x_wconf 90' lang='lat' dir='ltr'>sed</span> <span class='ocrx_word' id='word_1_68' title='bbox 890 1835 918 1903; x_wconf 92' lang='lat' dir='ltr'>si</span> <span class='ocrx_word' id='word_1_69' title='bbox 929 1835 973 1904; x_wconf 87' lang='lat' dir='ltr'>sit</span> <span class='ocrx_word' id='word_1_70' title='bbox 987 1857 1070 1904; x_wconf 89' lang='lat' dir='ltr'>vera</span> <span class='ocrx_word' id='word_1_71' title='bbox 1082 1869 1122 1878; x_wconf 89' lang='grc'>-</span> <span class='ocrx_word' id='word_1_72' title='bbox 1131 1835 1156 1903; x_wconf 91' lang='lat' dir='ltr'>si</span> <span class='ocrx_word' id='word_1_73' title='bbox 1174 1857 1257 1903; x_wconf 87' lang='lat' dir='ltr'>vera</span> <span class='ocrx_word' id='word_1_74' title='bbox 1267 1834 1350 1902; x_wconf 87' lang='lat' dir='ltr'>sitl&#39;</span> 
     </span>
    </p>

    <p class='ocr_par' dir='ltr' id='par_1_5' title="bbox 348 1934 1349 2116">
     <span class='ocr_line' id='line_1_11' title="bbox 431 1934 1349 2016; baseline 0 -13"><span class='ocrx_word' id='word_1_75' title='bbox 431 1934 459 2003; x_wconf 88' lang='lat' dir='ltr'>E</span> <span class='ocrx_word' id='word_1_76' title='bbox 475 1936 555 2003; x_wconf 91' lang='lat' dir='ltr'>sella</span> <span class='ocrx_word' id='word_1_77' title='bbox 570 1957 632 2003; x_wconf 92' lang='lat' dir='ltr'>sua</span> <span class='ocrx_word' id='word_1_78' title='bbox 647 1935 768 2003; x_wconf 87' lang='lat' dir='ltr'>exsiliit</span> <span class='ocrx_word' id='word_1_79' title='bbox 784 1935 878 2003; x_wconf 89' lang='lat' dir='ltr'>labra</span> <span class='ocrx_word' id='word_1_80' title='bbox 898 1936 1072 2016; x_wconf 82' lang='lat' dir='ltr'>mandens,</span> <span class='ocrx_word' id='word_1_81' title='bbox 1099 1942 1171 2003; x_wconf 85' lang='lat' dir='ltr'>toto</span> <span class='ocrx_word' id='word_1_82' title='bbox 1199 1941 1349 2003; x_wconf 88' lang='lat' dir='ltr'>tremens</span> 
     </span>
     <span class='ocr_line' id='line_1_12' title="bbox 348 2035 1249 2116; baseline -0.001 -13"><span class='ocrx_word' id='word_1_83' title='bbox 348 2056 496 2116; x_wconf 84' lang='lat' dir='ltr'>corpore.</span> <span class='ocrx_word' id='word_1_84' title='bbox 519 2035 614 2103; x_wconf 90' lang='lat' dir='ltr'>Intra</span> <span class='ocrx_word' id='word_1_85' title='bbox 630 2056 738 2116; x_wconf 93' lang='lat' dir='ltr'>pauca</span> <span class='ocrx_word' id='word_1_86' title='bbox 754 2042 868 2103; x_wconf 89' lang='lat' dir='ltr'>tamen</span> <span class='ocrx_word' id='word_1_87' title='bbox 884 2042 1057 2104; x_wconf 88' lang='lat' dir='ltr'>momenta</span> <span class='ocrx_word' id='word_1_88' title='bbox 1072 2035 1249 2116; x_wconf 85' lang='lat' dir='ltr'>requievit.</span> 
     </span>
    </p>

    <p class='ocr_par' dir='ltr' id='par_1_6' title="bbox 347 2132 1350 2303">
     <span class='ocr_line' id='line_1_13' title="bbox 430 2132 1350 2216; baseline 0 -14"><span class='ocrx_word' id='word_1_89' title='bbox 430 2132 541 2203; x_wconf 87' lang='lat' dir='ltr'>“Utut</span> <span class='ocrx_word' id='word_1_90' title='bbox 556 2134 609 2214; x_wconf 90' lang='lat' dir='ltr'>sit,</span> <span class='ocrx_word' id='word_1_91' title='bbox 625 2135 753 2216; x_wconf 90' lang='lat' dir='ltr'>Lester,</span> <span class='ocrx_word' id='word_1_92' title='bbox 769 2157 881 2203; x_wconf 91' lang='lat' dir='ltr'>nonne</span> <span class='ocrx_word' id='word_1_93' title='bbox 896 2135 978 2203; x_wconf 91' lang='lat' dir='ltr'>mihi</span> <span class='ocrx_word' id='word_1_94' title='bbox 1004 2156 1072 2203; x_wconf 93' lang='lat' dir='ltr'>non</span> <span class='ocrx_word' id='word_1_95' title='bbox 1099 2133 1235 2203; x_wconf 81' lang='lat' dir='ltr'>deeris?</span> <span class='ocrx_word' id='word_1_96' title='bbox 1250 2133 1350 2204; x_wconf 89' lang='lat' dir='ltr'>Veni-</span> 
     </span>
     <span class='ocr_line' id='line_1_14' title="bbox 347 2234 477 2303; baseline 0.015 -2"><span class='ocrx_word' id='word_1_97' title='bbox 347 2254 427 2302; x_wconf 90' lang='lat' dir='ltr'>esne</span> <span class='ocrx_word' id='word_1_98' title='bbox 441 2234 477 2303; x_wconf 82' lang='lat'>?&#39;’</span> 
     </span>
    </p>

    <p class='ocr_par' dir='ltr' id='par_1_7' title="bbox 347 2333 1346 2716">
     <span class='ocr_line' id='line_1_15' title="bbox 431 2333 1346 2416; baseline 0 -14"><span class='ocrx_word' id='word_1_99' title='bbox 431 2333 516 2403; x_wconf 88' lang='lat' dir='ltr'>Mori</span> <span class='ocrx_word' id='word_1_100' title='bbox 532 2334 606 2403; x_wconf 91' lang='lat' dir='ltr'>eius</span> <span class='ocrx_word' id='word_1_101' title='bbox 621 2334 717 2416; x_wconf 87' lang='lat' dir='ltr'>quasi</span> <span class='ocrx_word' id='word_1_102' title='bbox 733 2334 865 2416; x_wconf 80' lang='lat' dir='ltr'>magico</span> <span class='ocrx_word' id='word_1_103' title='bbox 880 2335 1045 2403; x_wconf 88' lang='lat' dir='ltr'>obluctari</span> <span class='ocrx_word' id='word_1_104' title='bbox 1067 2334 1158 2404; x_wconf 92' lang='lat' dir='ltr'>haud</span> <span class='ocrx_word' id='word_1_105' title='bbox 1183 2341 1346 2416; x_wconf 88' lang='lat' dir='ltr'>poteram.</span> 
     </span>
     <span class='ocr_line' id='line_1_16' title="bbox 348 2433 1345 2516; baseline 0 -15"><span class='ocrx_word' id='word_1_106' title='bbox 348 2433 519 2502; x_wconf 90' lang='lat' dir='ltr'>Praeterea</span> <span class='ocrx_word' id='word_1_107' title='bbox 534 2470 573 2479; x_wconf 95' lang='lat'>—</span> <span class='ocrx_word' id='word_1_108' title='bbox 590 2436 743 2504; x_wconf 89' lang='lat' dir='ltr'>occultus</span> <span class='ocrx_word' id='word_1_109' title='bbox 758 2436 892 2503; x_wconf 84' lang='lat' dir='ltr'>forulus</span> <span class='ocrx_word' id='word_1_110' title='bbox 904 2435 1071 2504; x_wconf 86' lang='lat' dir='ltr'>Matronae</span> <span class='ocrx_word' id='word_1_111' title='bbox 1086 2434 1128 2503; x_wconf 91' lang='lat' dir='ltr'>de</span> <span class='ocrx_word' id='word_1_112' title='bbox 1144 2435 1345 2516; x_wconf 85' lang='lat' dir='ltr'>Montespan</span> 
     </span>
     <span class='ocr_line' id='line_1_17' title="bbox 350 2533 1343 2616; baseline 0.002 -16"><span class='ocrx_word' id='word_1_113' title='bbox 350 2539 424 2602; x_wconf 87' lang='lat' dir='ltr'>erat</span> <span class='ocrx_word' id='word_1_114' title='bbox 439 2533 664 2602; x_wconf 83' lang='lat' dir='ltr'>evertendos!</span> <span class='ocrx_word' id='word_1_115' title='bbox 687 2535 807 2603; x_wconf 88' lang='lat' dir='ltr'>Obices</span> <span class='ocrx_word' id='word_1_116' title='bbox 821 2535 911 2616; x_wconf 87' lang='lat' dir='ltr'>ipsos</span> <span class='ocrx_word' id='word_1_117' title='bbox 926 2556 989 2602; x_wconf 89' lang='lat' dir='ltr'>nos</span> <span class='ocrx_word' id='word_1_118' title='bbox 1004 2557 1140 2603; x_wconf 90' lang='lat' dir='ltr'>eramus</span> <span class='ocrx_word' id='word_1_119' title='bbox 1155 2535 1220 2602; x_wconf 89' lang='lat' dir='ltr'>aevi</span> <span class='ocrx_word' id='word_1_120' title='bbox 1235 2535 1343 2603; x_wconf 87' lang='lat' dir='ltr'>nostri</span> 
     </span>
     <span class='ocr_line' id='line_1_18' title="bbox 347 2633 1263 2716; baseline 0 -15"><span class='ocrx_word' id='word_1_121' title='bbox 347 2654 479 2701; x_wconf 94' lang='lat' dir='ltr'>summo</span> <span class='ocrx_word' id='word_1_122' title='bbox 494 2634 703 2702; x_wconf 81' lang='lat' dir='ltr'>malefactori</span> <span class='ocrx_word' id='word_1_123' title='bbox 719 2634 882 2716; x_wconf 87' lang='lat' dir='ltr'>posituri!</span> <span class='ocrx_word' id='word_1_124' title='bbox 899 2635 1037 2716; x_wconf 88' lang='lat' dir='ltr'>Quanta</span> <span class='ocrx_word' id='word_1_125' title='bbox 1050 2633 1263 2703; x_wconf 88' lang='lat' dir='ltr'>discrimina!</span> 
     </span>
    </p>

    <p class='ocr_par' dir='ltr' id='par_1_8' title="bbox 428 2732 1348 2816">
     <span class='ocr_line' id='line_1_19' title="bbox 428 2732 1348 2816; baseline 0 -14"><span class='ocrx_word' id='word_1_126' title='bbox 428 2732 592 2814; x_wconf 71' lang='lat' dir='ltr'>“Adero&#39;&#39;</span> <span class='ocrx_word' id='word_1_127' title='bbox 608 2734 765 2816; x_wconf 89' lang='lat' dir='ltr'>respondi</span> <span class='ocrx_word' id='word_1_128' title='bbox 780 2735 879 2803; x_wconf 87' lang='lat' dir='ltr'>celeri</span> <span class='ocrx_word' id='word_1_129' title='bbox 895 2736 1022 2803; x_wconf 93' lang='lat' dir='ltr'>haustu</span> <span class='ocrx_word' id='word_1_130' title='bbox 1037 2735 1125 2802; x_wconf 89' lang='lat' dir='ltr'>aeris</span> <span class='ocrx_word' id='word_1_131' title='bbox 1134 2756 1142 2814; x_wconf 93' lang='lat'>;</span> <span class='ocrx_word' id='word_1_132' title='bbox 1159 2733 1348 2803; x_wconf 85' lang='lat' dir='ltr'>“veniaml”</span> 
     </span>
    </p>

    <p class='ocr_par' dir='ltr' id='par_1_9' title="bbox 428 2832 1171 2917">
     <span class='ocr_line' id='line_1_20' title="bbox 428 2832 1171 2917; baseline 0 -16"><span class='ocrx_word' id='word_1_133' title='bbox 428 2832 536 2902; x_wconf 89' lang='lat' dir='ltr'>Vultu</span> <span class='ocrx_word' id='word_1_134' title='bbox 552 2833 648 2902; x_wconf 89' lang='lat' dir='ltr'>hilari</span> <span class='ocrx_word' id='word_1_135' title='bbox 665 2856 719 2902; x_wconf 91' lang='lat' dir='ltr'>me</span> <span class='ocrx_word' id='word_1_136' title='bbox 735 2834 769 2902; x_wconf 93' lang='lat' dir='ltr'>in</span> <span class='ocrx_word' id='word_1_137' title='bbox 786 2834 929 2902; x_wconf 90' lang='lat' dir='ltr'>humero</span> <span class='ocrx_word' id='word_1_138' title='bbox 944 2835 1171 2917; x_wconf 87' lang='lat' dir='ltr'>conpalpavit.</span> 
     </span>
    </p>

    <p class='ocr_par' dir='ltr' id='par_1_10' title="bbox 344 2931 1349 3301">
     <span class='ocr_line' id='line_1_21' title="bbox 428 2931 1347 3016; baseline 0.002 -16"><span class='ocrx_word' id='word_1_139' title='bbox 428 2931 488 3001; x_wconf 86' lang='lat' dir='ltr'>“ld</span> <span class='ocrx_word' id='word_1_140' title='bbox 505 2939 539 3001; x_wconf 86' lang='lat' dir='ltr'>te</span> <span class='ocrx_word' id='word_1_141' title='bbox 554 2934 730 3003; x_wconf 84' lang='lat' dir='ltr'>iacturum</span> <span class='ocrx_word' id='word_1_142' title='bbox 745 2934 845 3002; x_wconf 86' lang='lat' dir='ltr'>novi!</span> <span class='ocrx_word' id='word_1_143' title='bbox 867 2934 959 3016; x_wconf 82' lang='lat' dir='ltr'>Ergo</span> <span class='ocrx_word' id='word_1_144' title='bbox 974 2934 1107 3016; x_wconf 88' lang='lat' dir='ltr'>vesperi</span> <span class='ocrx_word' id='word_1_145' title='bbox 1122 2934 1278 3002; x_wconf 83' lang='lat' dir='ltr'>crastino</span> <span class='ocrx_word' id='word_1_146' title='bbox 1306 2970 1347 2978; x_wconf 88' lang='lat'>—</span> 
     </span>
     <span class='ocr_line' id='line_1_22' title="bbox 344 3033 1347 3116; baseline 0.002 -16"><span class='ocrx_word' id='word_1_147' title='bbox 344 3033 394 3101; x_wconf 86' lang='lat' dir='ltr'>Te</span> <span class='ocrx_word' id='word_1_148' title='bbox 410 3054 608 3102; x_wconf 79' lang='lat' dir='ltr'>accensurus</span> <span class='ocrx_word' id='word_1_149' title='bbox 623 3035 707 3102; x_wconf 75' lang='lat' dir='ltr'>hora</span> <span class='ocrx_word' id='word_1_150' title='bbox 722 3034 867 3116; x_wconf 82' lang='lat' dir='ltr'>septima</span> <span class='ocrx_word' id='word_1_151' title='bbox 892 3033 953 3103; x_wconf 91' lang='lat' dir='ltr'>tibi</span> <span class='ocrx_word' id='word_1_152' title='bbox 979 3033 1091 3102; x_wconf 87' lang='lat' dir='ltr'>adero.</span> <span class='ocrx_word' id='word_1_153' title='bbox 1129 3033 1347 3102; x_wconf 85' lang='lat' dir='ltr'>Coenabimus</span> 
     </span>
     <span class='ocr_line' id='line_1_23' title="bbox 344 3132 1349 3215; baseline 0.002 -15"><span class='ocrx_word' id='word_1_154' title='bbox 344 3153 470 3200; x_wconf 86' lang='lat' dir='ltr'>una-</span> <span class='ocrx_word' id='word_1_155' title='bbox 485 3155 524 3201; x_wconf 87' lang='lat' dir='ltr'>ac</span> <span class='ocrx_word' id='word_1_156' title='bbox 540 3138 626 3214; x_wconf 90' lang='lat' dir='ltr'>tum,</span> <span class='ocrx_word' id='word_1_157' title='bbox 642 3155 740 3215; x_wconf 80' lang='lat' dir='ltr'>euge,</span> <span class='ocrx_word' id='word_1_158' title='bbox 756 3133 885 3215; x_wconf 85' lang='lat' dir='ltr'>grande</span> <span class='ocrx_word' id='word_1_159' title='bbox 901 3133 983 3202; x_wconf 92' lang='lat' dir='ltr'>illud</span> <span class='ocrx_word' id='word_1_160' title='bbox 998 3132 1180 3202; x_wconf 84' lang='lat' dir='ltr'>arcanum!</span> <span class='ocrx_word' id='word_1_161' title='bbox 1196 3133 1349 3203; x_wconf 89' lang='lat' dir='ltr'>Conven-</span> 
     </span>
     <span class='ocr_line' id='line_1_24' title="bbox 344 3232 513 3301; baseline 0.006 -1"><span class='ocrx_word' id='word_1_162' title='bbox 344 3239 468 3301; x_wconf 91' lang='lat' dir='ltr'>tumne</span> <span class='ocrx_word' id='word_1_163' title='bbox 477 3232 513 3301; x_wconf 79' lang='lat'>?’&#39;</span> 
     </span>
    </p>

    <p class='ocr_par' dir='ltr' id='par_1_11' title="bbox 431 3332 887 3416">
     <span class='ocr_line' id='line_1_25' title="bbox 431 3332 887 3416; baseline 0 -14"><span class='ocrx_word' id='word_1_164' title='bbox 431 3332 704 3403; x_wconf 88' lang='lat' dir='ltr'>“Conventum!&#39;&#39;</span> <span class='ocrx_word' id='word_1_165' title='bbox 720 3334 887 3416; x_wconf 90' lang='lat' dir='ltr'>respondi.</span> 
     </span>
    </p>

    <p class='ocr_par' dir='ltr' id='par_1_12' title="bbox 428 3431 1228 3516">
     <span class='ocr_line' id='line_1_26' title="bbox 428 3431 1228 3516; baseline 0.001 -15"><span class='ocrx_word' id='word_1_166' title='bbox 428 3431 579 3515; x_wconf 89' lang='lat' dir='ltr'>Sumptis</span> <span class='ocrx_word' id='word_1_167' title='bbox 594 3435 681 3502; x_wconf 87' lang='lat' dir='ltr'>laena</span> <span class='ocrx_word' id='word_1_168' title='bbox 696 3433 851 3516; x_wconf 85' lang='lat' dir='ltr'>pileoque</span> <span class='ocrx_word' id='word_1_169' title='bbox 866 3435 909 3502; x_wconf 88' lang='lat' dir='ltr'>ad</span> <span class='ocrx_word' id='word_1_170' title='bbox 925 3435 1062 3503; x_wconf 91' lang='lat' dir='ltr'>ianuam</span> <span class='ocrx_word' id='word_1_171' title='bbox 1078 3435 1228 3503; x_wconf 89' lang='lat' dir='ltr'>accessit.</span> 
     </span>
    </p>

    <p class='ocr_par' dir='ltr' id='par_1_13' title="bbox 428 3532 1347 3617">
     <span class='ocr_line' id='line_1_27' title="bbox 428 3532 1347 3617; baseline 0.002 -16"><span class='ocrx_word' id='word_1_172' title='bbox 428 3532 614 3615; x_wconf 66' lang='lat' dir='ltr'>“Quaedam</span> <span class='ocrx_word' id='word_1_173' title='bbox 630 3555 708 3616; x_wconf 89' lang='lat' dir='ltr'>quae</span> <span class='ocrx_word' id='word_1_174' title='bbox 723 3533 797 3601; x_wconf 88' lang='lat' dir='ltr'>fieri</span> <span class='ocrx_word' id='word_1_175' title='bbox 812 3533 961 3603; x_wconf 85' lang='lat' dir='ltr'>debeant</span> <span class='ocrx_word' id='word_1_176' title='bbox 976 3537 1192 3616; x_wconf 88' lang='lat' dir='ltr'>supersunt,&#39;&#39;</span> <span class='ocrx_word' id='word_1_177' title='bbox 1219 3535 1347 3617; x_wconf 79' lang='lat' dir='ltr'>inquit3</span> 
     </span>
    </p>
   </div>
   <div class='ocr_carea' id='block_1_3' title="bbox 337 3631 1347 4217">
    <p class='ocr_par' dir='ltr' id='par_1_14' title="bbox 342 3631 1347 3918">
     <span class='ocr_line' id='line_1_28' title="bbox 343 3631 1346 3718; baseline 0.004 -18"><span class='ocrx_word' id='word_1_178' title='bbox 343 3631 467 3701; x_wconf 88' lang='lat' dir='ltr'>“lorica</span> <span class='ocrx_word' id='word_1_179' title='bbox 482 3633 539 3702; x_wconf 90' lang='lat' dir='ltr'>illa</span> <span class='ocrx_word' id='word_1_180' title='bbox 553 3633 665 3715; x_wconf 87' lang='lat' dir='ltr'>parari</span> <span class='ocrx_word' id='word_1_181' title='bbox 681 3633 818 3702; x_wconf 89' lang='lat' dir='ltr'>debebit</span> <span class='ocrx_word' id='word_1_182' title='bbox 834 3671 872 3679; x_wconf 88' lang='lat'>-</span> <span class='ocrx_word' id='word_1_183' title='bbox 889 3641 994 3716; x_wconf 86' lang='lat' dir='ltr'>atque</span> <span class='ocrx_word' id='word_1_184' title='bbox 1017 3635 1105 3703; x_wconf 85' lang='lat' dir='ltr'>ratio</span> <span class='ocrx_word' id='word_1_185' title='bbox 1131 3634 1346 3718; x_wconf 90' lang='lat' dir='ltr'>procedendi,</span> 
     </span>
     <span class='ocr_line' id='line_1_29' title="bbox 342 3733 1347 3818; baseline 0.004 -18"><span class='ocrx_word' id='word_1_186' title='bbox 342 3740 383 3801; x_wconf 90' lang='lat' dir='ltr'>ut</span> <span class='ocrx_word' id='word_1_187' title='bbox 398 3733 470 3813; x_wconf 89' lang='lat' dir='ltr'>scis,</span> <span class='ocrx_word' id='word_1_188' title='bbox 487 3733 721 3815; x_wconf 81' lang='lat' dir='ltr'>excogitanda.</span> <span class='ocrx_word' id='word_1_189' title='bbox 758 3733 852 3817; x_wconf 83' lang='lat' dir='ltr'>Vale,</span> <span class='ocrx_word' id='word_1_190' title='bbox 879 3735 994 3816; x_wconf 83' lang='lat' dir='ltr'>igitur,</span> <span class='ocrx_word' id='word_1_191' title='bbox 1021 3735 1173 3804; x_wconf 85' lang='lat' dir='ltr'>faustam</span> <span class='ocrx_word' id='word_1_192' title='bbox 1196 3735 1257 3804; x_wconf 90' lang='lat' dir='ltr'>tibi</span> <span class='ocrx_word' id='word_1_193' title='bbox 1273 3758 1347 3818; x_wconf 91' lang='lat' dir='ltr'>pre-</span> 
     </span>
     <span class='ocr_line' id='line_1_30' title="bbox 342 3833 1240 3918; baseline 0.003 -18"><span class='ocrx_word' id='word_1_194' title='bbox 342 3854 401 3901; x_wconf 92' lang='lat' dir='ltr'>cor</span> <span class='ocrx_word' id='word_1_195' title='bbox 415 3840 552 3901; x_wconf 89' lang='lat' dir='ltr'>noctem</span> <span class='ocrx_word' id='word_1_196' title='bbox 567 3869 608 3877; x_wconf 91' lang='lat'><em>-</em></span> <span class='ocrx_word' id='word_1_197' title='bbox 624 3833 666 3902; x_wconf 96' lang='lat' dir='ltr'>ad</span> <span class='ocrx_word' id='word_1_198' title='bbox 683 3834 880 3902; x_wconf 90' lang='lat' dir='ltr'>hodiernam</span> <span class='ocrx_word' id='word_1_199' title='bbox 895 3857 1004 3916; x_wconf 85' lang='lat' dir='ltr'>usque</span> <span class='ocrx_word' id='word_1_200' title='bbox 1020 3857 1198 3918; x_wconf 88' lang='lat' dir='ltr'>vesperam</span> <span class='ocrx_word' id='word_1_201' title='bbox 1211 3836 1240 3903; x_wconf 85' lang='lat'>!”</span> 
     </span>
    </p>

    <p class='ocr_par' dir='ltr' id='par_1_15' title="bbox 337 3932 1347 4217">
     <span class='ocr_line' id='line_1_31' title="bbox 424 3932 1346 4018; baseline 0.002 -16"><span class='ocrx_word' id='word_1_202' title='bbox 424 3933 474 4002; x_wconf 89' lang='lat' dir='ltr'>Eo</span> <span class='ocrx_word' id='word_1_203' title='bbox 489 3932 636 4017; x_wconf 90' lang='lat' dir='ltr'>denique</span> <span class='ocrx_word' id='word_1_204' title='bbox 652 3933 804 4016; x_wconf 81' lang='lat' dir='ltr'>digresso</span> <span class='ocrx_word' id='word_1_205' title='bbox 820 3957 900 4004; x_wconf 85' lang='lat' dir='ltr'>mox</span> <span class='ocrx_word' id='word_1_206' title='bbox 916 3935 1053 4004; x_wconf 90' lang='lat' dir='ltr'>ianuam</span> <span class='ocrx_word' id='word_1_207' title='bbox 1079 3957 1166 4018; x_wconf 92' lang='lat' dir='ltr'>pone</span> <span class='ocrx_word' id='word_1_208' title='bbox 1182 3957 1217 4004; x_wconf 92' lang='lat' dir='ltr'>se</span> <span class='ocrx_word' id='word_1_209' title='bbox 1232 3937 1346 4005; x_wconf 90' lang='lat' dir='ltr'>claudi</span> 
     </span>
     <span class='ocr_line' id='line_1_32' title="bbox 339 4033 1347 4117; baseline 0.003 -16"><span class='ocrx_word' id='word_1_210' title='bbox 339 4033 591 4115; x_wconf 86' lang='lat' dir='ltr'>strepitumque</span> <span class='ocrx_word' id='word_1_211' title='bbox 606 4055 788 4116; x_wconf 85' lang='lat' dir='ltr'>gressuum</span> <span class='ocrx_word' id='word_1_212' title='bbox 804 4034 1012 4117; x_wconf 89' lang='lat' dir='ltr'>pedetentim</span> <span class='ocrx_word' id='word_1_213' title='bbox 1034 4057 1235 4106; x_wconf 88' lang='lat' dir='ltr'>evanescere</span> <span class='ocrx_word' id='word_1_214' title='bbox 1251 4037 1347 4105; x_wconf 90' lang='lat' dir='ltr'>audi·</span> 
     </span>
     <span class='ocr_line' id='line_1_33' title="bbox 337 4132 1341 4217; baseline 0.003 -14"><span class='ocrx_word' id='word_1_215' title='bbox 337 4133 383 4203; x_wconf 91' lang='lat' dir='ltr'>vi.</span> <span class='ocrx_word' id='word_1_216' title='bbox 406 4132 663 4216; x_wconf 81' lang='lat' dir='ltr'>Horologiolum</span> <span class='ocrx_word' id='word_1_217' title='bbox 678 4142 754 4203; x_wconf 89' lang='lat' dir='ltr'>tum</span> <span class='ocrx_word' id='word_1_218' title='bbox 765 4135 900 4217; x_wconf 86' lang='lat' dir='ltr'>aspexi:</span> <span class='ocrx_word' id='word_1_219' title='bbox 916 4136 1000 4204; x_wconf 89' lang='lat' dir='ltr'>hora</span> <span class='ocrx_word' id='word_1_220' title='bbox 1013 4135 1087 4204; x_wconf 82' lang='lat' dir='ltr'>fere</span> <span class='ocrx_word' id='word_1_221' title='bbox 1097 4143 1172 4205; x_wconf 91' lang='lat' dir='ltr'>erat</span> <span class='ocrx_word' id='word_1_222' title='bbox 1183 4136 1341 4206; x_wconf 89' lang='lat' dir='ltr'>secunda·</span> 
     </span>
    </p>
   </div>
   <div class='ocr_carea' id='block_1_4' title="bbox 0 0 1782 5156">
    <p class='ocr_par' dir='ltr' id='par_1_16' title="bbox 0 0 1782 5156">
     <span class='ocr_line' id='line_1_34' title="bbox 0 0 1782 5156; baseline 0 1"><span class='ocrx_word' id='word_1_223' title='bbox 0 0 1782 5156; x_wconf 95' lang='lat' dir='ltr'> </span> 
     </span>
    </p>
   </div>
  </div>
 </body>
</html>
