3500 5158
687 1969 840 2042 CAPUT
859 1969 970 2042 XXVI

670 2157 755 2227 Sora
770 2157 862 2226 Heri
877 2157 988 2238 Piqot.

421 2357 647 2441 Quocmoor
673 2356 811 2427 demum
836 2377 856 2426 e
878 2355 1016 2427 deiectu
1030 2355 1276 2440 prospicientiae
1293 2363 1329 2426 et

323 2457 576 2541 imaginationis
598 2455 713 2540 Grady
738 2455 891 2526 laborare
921 2456 1081 2540 potuerit,
1111 2455 1195 2526 satis
1220 2457 1330 2526 conci-

324 2563 420 2627 tatus
431 2555 534 2626 animi
550 2557 724 2627 alacritate
737 2577 806 2626 non
821 2557 940 2627 caruit
957 2557 1043 2627 Fere
1064 2555 1264 2640 priusquam
1278 2577 1329 2626 so

324 2657 599 2740 nituspropulsae
613 2657 725 2727 ianuae
739 2663 937 2740 evanuerat,
960 2657 1028 2726 iam
1052 2656 1097 2727 ad
1119 2657 1329 2740 scriptoriam

329 2757 519 2828 decurionis
532 2757 673 2827 adstitit.

409 2855 544 2928 “Evoca
559 2857 806 2940 subsidiarios,”
824 2857 987 2941 praecipit,
1002 2855 1078 2927 “tac
1092 2857 1196 2928 etiam
1218 2862 1260 2927 ut
1284 2857 1330 2926 al·

326 2964 440 3028 terum
454 2957 626 3028 clavulare
640 2957 707 3027 cito
721 2957 819 3027 adsit.
833 2958 899 3027 Per
923 2957 1145 3039 telephonum
1170 2957 1329 3040 praetorio

326 3057 462 3128 nomine
475 3078 553 3127 meo
567 3056 787 3128 demandabis
797 3064 838 3127 ut
852 3079 988 3127 omnem
1000 3078 1103 3141 quem
1113 3057 1246 3141 assequi
1256 3078 1331 3142 pos·

326 3158 372 3228 sit
396 3157 576 3228 satellitem
599 3157 772 3228 celerrime
792 3156 835 3228 ad
860 3157 1099 3242 Argentariam
1122 3157 1336 3228 Diumo-No-

328 3265 488 3328 cturnam
503 3278 704 3328 concurrere
718 3257 836 3328 iubeat
848 3257 877 3326 !''

411 3357 546 3428 Interea
560 3356 632 3442 ipse
646 3357 785 3428 adstans
799 3357 1011 3428 truculenter
1035 3357 1236 3429 masticabat
1252 3380 1330 3430 con-

327 3457 516 3541 volvulum,
531 3457 614 3528 dum
638 3457 775 3528 decurio
789 3458 880 3529 iussa
894 3457 1051 3528 iaciebat.
1076 3459 1143 3529 Vix
1157 3467 1330 3530 momento

328 3557 491 3642 temporis
504 3556 694 3628 subsidiarii
712 3558 837 3629 tunicis
849 3559 919 3630 suis
932 3557 1114 3628 induendis
1128 3559 1332 3643 satagebant

328 3659 430 3730 simul
445 3663 481 3729 et
495 3657 627 3728 sonitus
640 3658 860 3742 ungularum,
874 3658 1093 3742 crepitusque
1115 3666 1268 3729 totamm
1289 3660 1332 3731 de

329 3760 442 3844 platea
451 3757 706 3840 exaudiebatur,
718 3757 907 3830 subsidiarii
918 3759 953 3828 in
964 3760 1135 3830 clavulare
1145 3760 1332 3832 irruebant,

328 3880 393 3943 ego
408 3879 545 3943 quoque
554 3880 609 3929 me
617 3859 752 3942 ingessi,
762 3859 876 3942 Grady
889 3865 1007 3930 autem
1018 3859 1052 3928 in
1062 3860 1225 3930 sessibulo
1235 3860 1333 3930 iuxta

330 3959 485 4043 aurigam
504 3960 616 4030 locum
635 3959 736 4042 cepit,
757 3981 797 4031 ac
815 3966 987 4029 momento
1003 3960 1166 4046 temporis
1186 3960 1334 4045 quadru-

329 4058 493 4142 pedantes
505 4058 699 4142 ruebamus,
722 4058 924 4142 campanula
945 4066 1062 4130 nostra
1086 4060 1186 4131 simul
1210 4061 1246 4130 in
1268 4060 1334 4131 viis

330 4157 507 4232 silentibus
520 4166 556 4229 et
570 4158 734 4230 emortuis
747 4159 908 4243 clangens
920 4159 1110 4232 resonabat.
