3554 5156
670 863 835 918 consum
848 861 1070 916 nxrmmrus
1310 842 1374 913 129

411 1019 417 1034 ⁸
451 1030 611 1115 “Vesperi
626 1031 816 1114 hestemo,”
841 1031 991 1114 inquam,
1014 1031 1199 1100 verborum
1225 1028 1301 1099 eius
1322 1047 1372 1095 re-

365 1133 535 1215 cordatus,
550 1131 794 1202 “admiratione
809 1131 899 1200 illius
913 1131 1047 1214 ductus,
1063 1137 1241 1213 tamquam
1264 1127 1371 1198 maxi·

365 1254 461 1302 mum
476 1239 670 1302 nostrorum
683 1239 876 1315 temporum
892 1233 1145 1302 malefactorem
1154 1253 1233 1301 eum
1242 1251 1367 1300 memo

367 1332 517 1402 ravisti.”

449 1431 637 1516 “Equidem
652 1454 721 1501 non
735 1433 912 1517 diffiteor,”
927 1434 976 1503 ait
990 1433 1141 1515 Godfrey
1156 1434 1191 1502 in
1206 1455 1261 1500 me
1277 1432 1365 1502 reni-

365 1533 458 1615 dens,
469 1531 562 1602 “rem
575 1533 687 1614 paullo
697 1534 772 1615 plus
783 1534 872 1604 iusto
887 1557 1110 1616 exaggerasse
1121 1533 1203 1603 mihi
1214 1531 1366 1616 contigit.

368 1635 457 1718 Quid
472 1637 596 1707 sicum
610 1659 719 1707 unum
734 1635 877 1706 dixerim
891 1635 1116 1704 maximorum
1141 1671 1183 1678 -
1207 1640 1299 1702 certe
1315 1655 1366 1702 sa·

365 1737 410 1806 tis
423 1757 587 1820 magnum
603 1738 741 1820 quinos,
750 1737 814 1806 nisi
829 1735 1011 1805 admodum
1027 1757 1217 1817 caveamus,
1228 1735 1369 1802 circum-

367 1837 486 1907 venire
501 1838 616 1920 possit.
638 1838 779 1907 Interim
794 1837 987 1906 consultum
1001 1835 1088 1906 duco
1102 1834 1294 1905 Simmonds
1304 1855 1365 1917 per

367 1937 528 2007 nuntium
543 1960 674 2020 rogare,
695 1945 735 2008 ut
759 1937 802 2007 ad
827 1936 1082 2006 custodiendam
1107 1935 1246 2005 domum
1269 1935 1367 2004 binos

366 2038 547 2108 submittat
562 2039 704 2108 lictores
727 2039 788 2107 His
803 2039 896 2120 foris,
923 2037 1030 2107 Parks
1053 2044 1170 2107 autem
1192 2036 1296 2118 intus,
1317 2036 1366 2104 vi-

368 2138 553 2222 gilantibus
568 2161 622 2208 res
636 2138 719 2208 satis
733 2145 820 2208 tutae
833 2139 1017 2208 existimari
1033 2137 1225 2220 poterunt.''

452 2236 526 2307 “lta
541 2245 576 2308 et
591 2238 673 2307 mihi
688 2237 855 2320 videtur,”
878 2239 1045 2321 respondi.
1077 2237 1231 2307 “Horum
1253 2236 1366 2320 praesi-

367 2337 422 2408 dio
436 2343 549 2407 totum
563 2339 751 2408 exercitum
767 2340 927 2422 repellere
943 2359 1062 2421 parare
1085 2337 1262 2406 videberis.
1293 2337 1363 2407 Cae-

365 2441 479 2506 terum
505 2438 582 2520 quis
606 2437 744 2507 tandem
768 2439 831 2507 iste
858 2438 1075 2520 hirquitallio¹
1099 2445 1161 2518 est,
1191 2437 1365 2519 Godfrey?

366 2535 456 2606 Nam
471 2543 512 2606 tu
527 2559 607 2607 eum
620 2537 806 2607 formidare
820 2536 976 2607 videris”

450 2652 589 2724 “Timeo
604 2677 684 2724 eum
700 2657 863 2737 profecto,
878 2655 905 2724 si
921 2655 974 2724 ille
988 2656 1017 2724 is
1031 2655 1075 2724 sit
1089 2677 1192 2738 quem
1215 2676 1288 2723 esse
1311 2676 1364 2723 ar-

367 2754 530 2824 bitror-
544 2755 636 2837 quod
652 2755 789 2838 quidem
802 2757 903 2825 modo
918 2777 1013 2825 mera
1026 2763 1078 2825 est
1092 2755 1278 2824 hariolatio.
1301 2755 1365 2824 Ex-

367 2862 482 2938 specta
497 2861 613 2925 tamen
639 2857 729 2926 diem
754 2878 863 2927 unum
889 2858 944 2927 vel
967 2858 1121 2926 alterum.
1157 2856 1259 2926 Nunc
1282 2855 1365 2927 Sim-

367 2954 488 3024 monds
502 2955 681 3025 evocabo.”

450 3071 540 3141 Dum
554 3072 609 3143 hic
624 3073 667 3143 ad
682 3073 900 3156 telephonum
916 3075 1061 3154 secessit,
1077 3097 1142 3156 ego
1157 3075 1282 3143 iterum
1307 3097 1365 3144 an-

367 3178 402 3241 te
416 3193 530 3242 arcam
544 3172 818 3255 speculabundus
831 3174 976 3254 consedi,
992 3196 1136 3257 eamque
1150 3183 1292 3257 stupens
1306 3176 1367 3243 mi-

368 3270 477 3341 rabat.
514 3273 681 3353 Quaenam
715 3273 844 3342 insidiae
866 3275 932 3343 illae
955 3281 1062 3356 erant,
1088 3275 1277 3344 meditabar
1297 3296 1366 3343 me-

367 3393 455 3454 cum,
471 3392 549 3454 quae
564 3371 652 3441 circa
666 3373 753 3443 hanc
768 3397 881 3443 arcam
897 3374 1005 3443 veluti
1019 3381 1185 3457 centrum,
1206 3375 1366 3444 texeban-

367 3471 451 3541 tur?
473 3471 637 3552 Quisnam
653 3473 707 3542 ille
721 3481 797 3543 erat
811 3496 913 3557 quem
934 3474 1087 3558 Godfrey
1112 3482 1183 3544 tam
1207 3476 1367 3546 formido

365 3571 475 3641 losum
491 3571 553 3641 sibi
574 3571 748 3656 fingebat?
769 3573 917 3643 Cumam
940 3575 994 3644 ille
1021 3576 1169 3646 Vantine
1192 3576 1366 3646 victimam

365 3670 428 3740 sibi
443 3671 587 3754 selegit?

447 3770 599 3854 Godfrey
613 3772 743 3842 interea
756 3773 840 3842 dum
855 3797 919 3858 ego
934 3775 970 3843 in
993 3775 1046 3844 his
1068 3797 1270 3846 arcanorum
1293 3797 1364 3844 am-

366 3870 511 3954 bagibus
524 3870 757 3954 coecutiebam
773 3875 927 3943 revertit.

470 4074 494 4125 l.
511 4071 717 4140 Hirqoitatlio,
734 4074 803 4138 -mb,
819 4075 877 4126 sive
890 4072 1062 4138 bircitollio,
1078 4076 1185 4128 iuvenis
1197 4075 1297 4138 hircus,
1310 4077 1367 4130 hce-

366 4154 424 4218 dus,
437 4155 570 4218 boedulus,
584 4156 711 4222 ephebus,
724 4159 879 4220 catulaster,
888 4159 1045 4212 adolescens
1054 4159 1214 4212 virilitatem
1223 4161 1365 4217 affectnas.
