3500 5158
672 871 759 928 sons
780 873 865 926 uam
886 872 993 926 mcor
1265 859 1329 928 289

326 1041 476 1125 usquein
491 1041 654 1112 sessibulo
665 1042 814 1124 sedente,
835 1041 895 1112 sed
906 1040 966 1111 ubi
978 1041 1092 1125 Grady
1108 1063 1148 1110 eo
1164 1047 1328 1122 verterat,
1454 1103 1456 1110 ,

323 1142 445 1225 aliquis
466 1141 500 1210 in
515 1142 630 1212 limine
644 1142 849 1226 argentariae
873 1142 1063 1224 comparuit
1079 1150 1114 1210 et
1129 1141 1171 1211 ad
1188 1163 1251 1211 nos
1264 1142 1329 1211 cla·

324 1242 561 1312 mitavit-ita
571 1249 688 1312 tamen
714 1249 755 1312 ut
763 1243 896 1312 nullum
911 1243 985 1312 eius
999 1241 1145 1312 verbum
1161 1241 1328 1325 intellige

324 1363 406 1411 rem.
432 1342 481 1412 At
494 1342 609 1426 Grady
631 1343 736 1426 probe
761 1342 945 1412 videbatur
974 1363 1015 1411 ea
1045 1341 1225 1425 excepisse,
1247 1363 1328 1411 nam

323 1463 384 1525 per
397 1443 525 1526 gradus
539 1443 694 1526 accurrit,
710 1442 797 1513 binis
810 1443 920 1526 simul,
936 1445 977 1512 ea
987 1441 1188 1525 pernicitate
1202 1441 1330 1525 persul-

324 1543 407 1612 tatis
421 1564 500 1626 quae
512 1543 548 1612 in
563 1543 699 1612 homine
714 1550 786 1613 tam
800 1542 989 1627 ponderoso
1003 1541 1090 1612 mira
1104 1541 1214 1612 videri
1229 1541 1329 1611 debe

324 1641 394 1726 bat,
407 1664 509 1726 quem
523 1664 588 1726 ego
603 1642 755 1713 aemulari
772 1642 866 1712 haud
875 1664 1018 1726 possem.
1034 1641 1148 1725 Aliqui
1159 1642 1203 1712 ad
1218 1663 1328 1711 unum

324 1744 415 1812 latus
428 1743 588 1813 vestibuli
603 1743 740 1812 stabant
762 1743 920 1813 deorsum
945 1742 981 1812 in
996 1741 1166 1826 pulvinari
1182 1748 1330 1825 prostra-

324 1849 400 1912 tum
423 1843 617 1926 quempiam
640 1849 843 1926 spectantes.
880 1843 947 1914 Vix
973 1849 1145 1912 momento
1166 1841 1329 1925 temporis

325 1942 550 2013 animadverti
580 1942 772 2013 Simmonds
796 1964 877 2013 eum
906 1965 979 2013 esse
1005 1943 1125 2027 supine
1150 1942 1329 2024 iacentem,

325 2042 431 2113 oculis
445 2049 562 2113 autem
576 2045 717 2126 laquear
732 2042 841 2126 rigide
855 2045 1058 2113 intuentem.

409 2142 564 2213 Secundo
579 2150 695 2213 tamen
705 2143 830 2213 obtutu
845 2143 1052 2227 deprehendi
1067 2144 1181 2212 oculos
1191 2143 1266 2212 visu
1278 2164 1331 2212 ca·

327 2264 411 2312 rere.
421 2243 535 2325 Grady
545 2244 693 2312 multum
706 2243 896 2313 concitatus
910 2243 1033 2313 cubitis
1044 2243 1106 2313 sibi
1117 2265 1178 2326 per
1192 2242 1330 2312 turbam

326 2342 459 2412 aditum
472 2343 574 2413 silens
587 2342 732 2426 paravit.

411 2441 498 2513 “Ubi
513 2450 566 2513 est
582 2444 720 2526 Kelly?”
737 2443 869 2527 quaerit.

409 2542 464 2612 Ad
478 2543 552 2612 haec
566 2542 672 2612 verba
687 2543 826 2626 quidam
850 2543 963 2613 albida
976 2543 1075 2624 facie,
1099 2542 1330 2626 synthesique¹

327 2641 479 2724 indutus,
494 2664 514 2712 e
529 2643 610 2712 sella
631 2643 790 2724 surrexit,
805 2664 874 2726 quo
905 2643 1035 2713 viribus
1059 2643 1247 2712 exhaustus
1263 2664 1333 2713 cor-

328 2764 427 2812 ruere
443 2741 634 2812 videbatur.

412 2841 531 2912 “Tune
546 2844 613 2913 illic
627 2843 706 2914 es?”
721 2845 846 2913 clamat
860 2843 983 2926 Grady,
1003 2843 1108 2912 atroci
1120 2864 1200 2913 eum
1214 2851 1333 2913 contu-

326 2943 396 3014 itus
410 2944 520 3012 vultu.
536 2942 669 3013 “Narra
681 2965 783 3026 nunc,
796 2943 878 3027 quid
890 2941 1030 3014 evenit?
1045 2943 1206 3012 -Narra
1215 2949 1332 3014 autem

327 3044 510 3114 confestim
520 3042 550 3112 !”

411 3141 610 3226 “Equidem,
626 3143 672 3212 mi
690 3142 811 3224 Here,”
828 3143 975 3212 balbutit
991 3143 1097 3226 Kelly,
1120 3140 1260 3214 “revera
1280 3143 1334 3214 hic

329 3243 414 3312 nihil
429 3243 589 3313 accidisse
600 3243 678 3313 scio.
695 3243 810 3326 Quum
825 3256 942 3312 tamen
957 3243 1023 3312 illic
1037 3242 1080 3312 ad
1095 3243 1205 3312 incile²
1215 3243 1337 3313 consti-

332 3353 496 3425 teramus,
512 3364 577 3426 ego
592 3350 711 3412 autem
727 3344 771 3412 ad
786 3343 1007 3426 aperiendum
1022 3344 1209 3412 claustrum
1224 3344 1338 3412 clavu-

329 3444 408 3514 laris
438 3443 689 3526 descenderam,
726 3451 852 3526 praeter
867 3442 1058 3513 Simmonds
1082 3442 1129 3513 ibi
1158 3465 1265 3526 quum
1281 3466 1338 3513 ne·

330 3543 455 3613 minem
477 3543 597 3626 reperi,
612 3544 704 3612 hunc
723 3543 853 3612 affatus
871 3565 958 3626 sum,
981 3543 1040 3613 sed
1062 3542 1195 3612 nullum
1209 3543 1274 3612 tuli
1288 3566 1339 3613 re-

305 3695 308 3702 .
329 3665 491 3726 sponsum
501 3665 664 3726 -quum
678 3664 763 3713 vero
778 3665 858 3713 eum
874 3649 1120 3725 attrectassem,
1135 3643 1208 3726 ipse
1222 3643 1336 3726 aliquo

430 3829 453 3879 1.
471 3824 636 3891 Sputlwsia,
652 3825 698 3888 de,
715 3827 749 3879 t:
763 3827 871 3892 proprie
882 3841 978 3880 omnes
990 3831 1081 3892 partes
1093 3828 1261 3891 vestimenti,
1274 3845 1335 3895 quae

331 3925 417 3963 unum
429 3910 621 3963 indumentum
635 3911 772 3972 efficiunt;
790 3910 835 3962 hic
849 3926 881 3964 eo
893 3925 975 3963 sensu
984 3910 1088 3976 accipio
1100 3927 1154 3977 quo
1166 3912 1336 3965 “uniformes

333 3995 440 4048 vated'
452 4009 583 4060 usurpare
593 3993 719 4047 solemus.

431 4080 456 4130 2.
473 4075 574 4139 Incite,
591 4076 640 4140 -a'e,
655 4093 691 4138 n,
704 4083 746 4130 est
759 4078 835 4131 locus
849 4077 960 4130 intimus
973 4077 1002 4130 in
1016 4077 1069 4140 via,
1084 4078 1234 4132 secundum
1245 4079 1337 4133 trami-

334 4169 400 4224 tem,
414 4160 461 4214 ubi
474 4175 551 4227 aquae
563 4160 720 4214 decurrunt.
