3502 5158
826 1969 976 2040 CAPUT
1002 1970 1033 2039 ΙΙ

753 2157 880 2224 Prima
909 2157 1104 2237 lbapoedia.

512 2374 589 2444 VEL
610 2389 720 2443 UNlco
740 2373 811 2443 ictu
827 2373 914 2442 oculi
930 2373 1012 2442 satis
1024 2374 1154 2442 clarum
1169 2381 1243 2444 erat
1258 2373 1429 2443 bominem

429 2481 605 2543 mortuum
620 2495 702 2543 esse.
724 2473 828 2543 Nulla
853 2473 888 2541 in
912 2495 952 2543 eo
972 2474 1074 2542 vultu
1100 2473 1203 2542 livido
1228 2473 1302 2542 vita
1324 2474 1430 2542 latere

430 2581 574 2656 poterat,
589 2581 649 2643 aut
664 2595 747 2643 vero
762 2573 797 2642 in
812 2573 917 2642 oeulis
931 2573 1021 2642 vitro
1037 2573 1209 2643 similibus.

513 2672 625 2744 “Cave
640 2695 720 2743 eum
734 2673 926 2753 attrectes,”
941 2694 1062 2743 moneo
1078 2695 1167 2755 eum,
1179 2675 1270 2756 quod
1281 2673 1429 2743 Vantine

429 2775 499 2843 iam
512 2773 670 2843 accedere
686 2773 838 2856 parabat.
861 2771 955 2843 “lam
969 2794 1044 2842 sero
1059 2774 1143 2842 est.”

513 2874 603 2943 Eum
617 2873 733 2956 itaque
746 2874 884 2954 retraxi,
898 2895 938 2942 ae
953 2873 1123 2956 paulisper
1132 2873 1233 2943 ambo
1243 2879 1430 2943 trementes

429 2973 613 3056 stabamus,
629 2979 669 3043 ut
683 2972 757 3042 fere
773 2993 915 3056 semper,
923 2993 1031 3054 quum
1042 2972 1155 3042 subito
1166 2972 1201 3042 in
1211 2979 1429 3055 conspectum

429 3073 548 3144 mortis
561 3073 775 3142 incurrimus.

513 3171 698 3257 “Quisnam
712 3173 767 3242 ille
782 3179 835 3243 est
842 3172 879 3242 ?'’
894 3172 1035 3243 tandem
1051 3173 1204 3256 quaerito.

511 3271 689 3354 “Nescia’'
713 3293 814 3342 rauce
829 3272 1003 3356 respondit
1026 3272 1183 3370 Vantine.
1220 3271 1429 3356 “Nunquam

429 3393 510 3441 eum
524 3379 626 3442 antea
639 3372 741 3442 vidi.''
767 3371 850 3442 Inde
865 3372 908 3441 ad
924 3371 1191 3442 tintinnabulum
1206 3371 1283 3442 ostii
1298 3393 1429 3454 regres-

429 3493 497 3553 sus,
511 3472 634 3542 acriter
648 3473 771 3556 pulsat.
781 3472 882 3554 Tum
898 3470 1056 3556 “Parks''
1072 3471 1290 3556 prosequitur
1300 3493 1429 3554 severe,

429 3578 469 3640 ut
483 3571 538 3641 hic
553 3593 614 3655 per
628 3573 721 3641 fores
734 3572 769 3640 in
785 3579 1004 3655 conspectum
1014 3579 1167 3654 venerat,
1179 3571 1363 3655 “quidnam
1373 3570 1428 3641 hic

429 3679 565 3756 gestum
580 3678 633 3742 est
642 3672 679 3741 ?’'

513 3771 686 3854 “Gestum,
701 3771 747 3841 mi
763 3771 854 3841 Here
863 3772 899 3841 ?”
926 3772 1071 3842 verbum
1096 3771 1221 3855 repetit
1236 3771 1343 3842 Parks
1358 3779 1428 3841 stu-

429 3873 587 3955 pefactus
612 3893 680 3941 non
706 3871 806 3941 modo
831 3871 936 3941 verbo
951 3871 1010 3942 sed
1026 3879 1062 3940 et
1076 3893 1158 3941 voce
1174 3893 1242 3954 qua
1257 3871 1428 3955 prolatum
1487 3913 1492 3926 ·

429 3979 512 4042 erat.
536 3971 700 4042 “Prorsus
713 3971 796 4041 nihil
812 3972 880 4041 scio
894 3971 975 4054 quid
992 3972 1052 4016 —'’

512 4071 604 4142 Tum
623 4074 826 4142 convulsum
849 4072 994 4142 cadaver
1019 4073 1050 4141 ei
1075 4072 1139 4142 sub
1164 4073 1278 4142 oculos
1299 4071 1427 4155 cecidit,

429 4193 498 4256 quo
512 4171 668 4256 protinus
682 4173 865 4255 obmutuit,
882 4171 969 4242 oculi
984 4179 1166 4257 patescere,
1181 4193 1219 4241 os
1233 4181 1360 4256 patere.
