3502 5158
382 853 424 924 70
646 869 855 924 nvsrmmn
877 871 984 925 Anca
1005 864 1124 925 nomn

467 1036 652 1122 “Quaedam
667 1037 794 1122 species
807 1038 893 1108 acidi
914 1037 1152 1123 hydrocyanici
1166 1045 1229 1120 est,
1244 1043 1285 1107 ut
1298 1043 1383 1120 puto

383 1137 474 1208 -id
490 1140 580 1207 enim
596 1137 679 1208 odor
692 1138 822 1221 prodit;
858 1138 918 1208 sed
933 1137 1159 1222 quinquagies
1183 1137 1384 1208 virulentior

382 1236 606 1308 existimanda
620 1259 724 1321 quam
738 1237 873 1307 acidum
887 1237 1205 1322 hydrocyanicum.”

466 1337 633 1420 Deinceps
647 1337 682 1406 in
708 1337 986 1420 disceptationem
999 1338 1042 1408 de
1057 1336 1286 1422 probabilibus
1309 1337 1384 1407 eius

383 1437 469 1507 acidi
497 1437 674 1522 speciebus
700 1437 959 1520 descenderunt,
983 1459 1093 1509 sermo
1119 1444 1235 1507 tamen
1264 1458 1384 1507 eorum

384 1537 539 1606 terminis
553 1537 715 1607 technicis
729 1537 778 1607 ita
793 1537 957 1608 abstrusis
982 1544 1112 1608 scatere
1126 1537 1239 1620 coepit,
1255 1543 1296 1607 ut
1310 1558 1384 1606 sen·

383 1659 460 1708 sum
475 1637 630 1721 colloquii
645 1659 764 1707 eorum
779 1638 914 1721 assequi
936 1660 1004 1708 non
1030 1659 1173 1721 possem.
1210 1636 1384 1720 Freyling·

383 1736 505 1807 huisen
521 1737 583 1806 has
597 1759 652 1807 res
665 1737 787 1820 utique
802 1737 837 1806 in
852 1745 1014 1821 promptu
1041 1736 1190 1807 habebat
1205 1773 1245 1782 -
1259 1737 1384 1806 exami-

383 1859 430 1906 na
444 1836 610 1919 siquidem
626 1835 712 1919 ‘post
726 1837 882 1907 mortem'
903 1839 1017 1907 victus
1031 1837 1105 1907 eius
1120 1843 1194 1906 erat
1220 1836 1384 1920 quotidia-

384 1957 459 2019 nus,
475 1958 538 2006 nec
553 1935 780 2006 dubitandum
794 1943 848 2006 est
862 1937 945 2020 quin
961 1937 1083 2006 exinde
1098 1959 1119 2006 a
1133 1937 1317 2006 novissimo
1331 1957 1384 2006 ca·

385 2058 426 2105 su
441 2058 503 2106 suo
518 2036 554 2105 in
569 2036 658 2106 hanc
672 2036 924 2120 inquisitionem
938 2059 975 2106 se
987 2036 1177 2119 accingens,
1202 2037 1327 2120 quippe
1348 2036 1383 2104 in

383 2157 453 2218 quo
467 2136 597 2205 enitere
621 2136 810 2219 satagebat,
826 2135 854 2206 si
869 2136 973 2206 etiam
988 2157 1007 2206 e
1029 2136 1187 2218 rubigine
1212 2134 1384 2205 memoriae

381 2235 612 2318 laboravisset,
638 2257 674 2305 se
689 2236 877 2306 exterserit.
912 2235 1052 2306 Licebat
1066 2235 1149 2305 mihi
1174 2235 1384 2305 animadver-

384 2342 457 2405 tere
473 2357 553 2404 eum
568 2357 612 2404 cx
625 2335 853 2405 ostentatione
868 2357 941 2406 suae
955 2356 1069 2407 coram
1084 2334 1228 2418 Hughes
1252 2335 1384 2417 peritiae

383 2434 476 2504 haud
491 2456 614 2517 parum
629 2435 867 2505 oblectamenti
893 2435 1092 2518 percepisse,
1108 2435 1167 2518 qui
1183 2433 1320 2518 quidem
1341 2455 1383 2504 ex

384 2533 600 2604 exercitanda
613 2534 705 2617 apud
720 2534 868 2605 familias
882 2536 1090 2617 locupletum
1115 2533 1283 2603 medicina
1306 2533 1381 2603 illu-

385 2633 464 2704 stris
478 2640 684 2717 proventum
698 2634 761 2703 sibi
776 2656 974 2718 comparare
988 2634 1117 2703 solebat
1131 2633 1231 2716 longe
1251 2633 1384 2702 fructu·

386 2733 529 2802 osiorem
543 2754 647 2816 quam
663 2755 732 2816 quo
746 2733 1028 2817 Freylinghuisen
1039 2755 1103 2817 par
1117 2740 1201 2815 erat,
1227 2732 1383 2802 toxicolo·

385 2833 452 2916 giae
464 2832 732 2916 haudquaquam
747 2854 821 2903 esse
846 2839 981 2916 poterat
995 2833 1044 2903 ita
1057 2833 1189 2915 peritus
1214 2838 1255 2902 ut
1280 2831 1385 2901 medi·

382 2954 443 3003 cus
457 2932 645 3002 mortuarii.

465 3031 604 3102 Medicis
619 3053 727 3114 usque
742 3031 1010 3115 disceptantibus
1025 3031 1093 3102 duo
1109 3031 1337 3115 speculatores
1347 3037 1384 3100 et

382 3131 590 3201 mortuarius
605 3131 734 3202 reversi
748 3139 839 3214 sunt,
855 3139 959 3216 atque
974 3131 1129 3202 Doctoris
1152 3130 1384 3214 Freylinghui·

383 3251 444 3300 sen
459 3230 716 3313 explicationem
731 3234 830 3302 castis
845 3231 984 3302 silentes
997 3232 1289 3302 auscultaverunt.
1303 3231 1385 3300 Vul-

381 3336 440 3399 tus
454 3329 570 3413 Grady
583 3331 703 3402 fuscus
718 3353 857 3414 prorsus
871 3331 954 3400 nihil
969 3331 1133 3414 prodebat
1157 3331 1240 3414 quid
1264 3330 1326 3401 sibi
1347 3330 1383 3399 in

382 3429 495 3499 animo
510 3437 717 3513 versaretur,
733 3431 792 3501 sed
818 3430 1010 3501 Simmonds
1034 3431 1135 3514 plane
1160 3431 1384 3500 conturbatus

383 3550 456 3598 esse
471 3528 663 3600 videbatur.
684 3529 773 3602 Satis
788 3531 892 3601 etiam
908 3532 997 3601 clare
1011 3552 1055 3600 ex
1069 3538 1208 3614 aspectu
1223 3531 1297 3600 eius
1307 3550 1384 3599 con-

382 3628 496 3699 stabat
510 3629 593 3699 nihil
608 3639 783 3712 repertum
798 3631 905 3701 fuisse
931 3629 1022 3714 quod
1046 3652 1170 3700 arcano
1195 3630 1310 3700 lumen
1333 3631 1383 3699 ai·

381 3729 527 3798 fundere
542 3737 677 3812 posset;
699 3737 804 3813 atque
818 3752 921 3813 nunc,
936 3731 995 3800 ubi
1018 3752 1082 3800 sua
1096 3729 1139 3800 de
1153 3729 1292 3800 suicidio
1307 3751 1383 3800 con·

380 3827 511 3898 iectura
525 3850 688 3899 concussa
703 3829 838 3913 iaceret,
853 3831 888 3899 in
904 3830 997 3901 invia
1010 3852 1046 3900 se
1061 3830 1247 3900 deductum
1268 3829 1382 3899 sensit„

382 3927 479 3997 Idem
493 3928 535 3998 de
551 3929 666 4012 Grady
681 3930 881 4013 existimavi,
895 3952 1018 4000 verum
1032 3931 1102 4013 ipsc
1116 3931 1165 3999 ita
1179 3929 1242 4000 sibi
1256 3936 1384 4012 tempe·

384 4049 460 4097 rare
473 4049 537 4111 par
551 4035 634 4112 crat,
650 4035 691 4099 ut
704 4029 788 4099 nihil
802 4029 939 4100 omnino
953 4029 1122 4113 proderet.

467 4128 676 4199 Mortuarius
703 4129 788 4200 duos
817 4129 964 4200 medicos
992 4130 1110 4214 paucis
1134 4129 1316 4214 sevocavit,
1346 4135 1382 4198 et
