3502 5158
615 890 619 900 ·
689 895 814 948 uanus
835 895 1054 948 vurnsnara
1290 883 1331 950 23

333 1062 423 1132 enim
439 1064 573 1132 Record
588 1063 682 1132 nulla
696 1071 795 1132 erant
810 1085 900 1132 nova
916 1064 979 1132 nisi
994 1063 1129 1133 insolita
1144 1070 1247 1147 atque
1263 1073 1334 1134 stu-

334 1161 454 1245 penda,
470 1162 561 1231 unde
577 1185 638 1246 per
653 1185 688 1232 se
702 1161 910 1244 sequebatur
925 1165 1088 1233 relatores
1101 1166 1235 1234 Record
1249 1187 1334 1234 sem·

333 1283 394 1345 per
407 1261 518 1331 enisos
531 1261 638 1332 fuisse
653 1271 693 1332 ut
708 1263 820 1332 omnia
834 1263 869 1332 in
881 1263 1015 1333 insueta
1029 1286 1068 1333 ac
1084 1265 1262 1347 stupenda,
1278 1264 1334 1334 de·

334 1361 493 1431 trimento
509 1361 648 1444 reliquae
662 1363 769 1445 partis
785 1363 1013 1446 dicendorum,
1028 1363 1207 1445 inflarent;
1236 1371 1334 1434 caete

332 1483 419 1543 rum,
435 1484 497 1530 nec
513 1462 576 1530 hoc
592 1484 678 1544 raro,
694 1470 733 1531 ut
750 1484 879 1543 vereor,
905 1485 1011 1546 quum
1037 1464 1253 1547 particularia
1278 1464 1334 1534 de-

332 1569 454 1643 essent,
470 1584 510 1631 ea
526 1584 664 1643 prorsus
679 1583 698 1631 e
713 1563 816 1632 nihilo
832 1563 1175 1634 comminiscerentur.

413 1661 488 1744 Ipse
502 1662 587 1731 adeo
603 1661 762 1745 Godfrey,
779 1685 840 1732 nec
849 1664 962 1747 semel,
982 1686 1062 1734 reus
1072 1665 1332 1736 existimabatur

332 1762 469 1850 ingenio
485 1760 687 1831 exuberanti
704 1781 766 1831 suo
782 1762 947 1845 figmenta
961 1764 1245 1835 comminiscendi.
1260 1766 1332 1836 Nec

332 1853 429 1931 abest
445 1862 585 1945 suspitio
600 1883 691 1943 eum,
708 1863 859 1944 deposito
874 1885 1026 1946 munere,
1041 1866 1154 1946 copias
1168 1873 1333 1948 agentum

332 1962 514 2045 reliquisse,
531 1983 635 2044 seque
650 1962 773 2031 diurno
789 1965 922 2032 Record
937 1964 972 2032 in
988 1964 1166 2033 servitium
1192 1965 1334 2035 dedidis-

332 2083 377 2130 se.
400 2061 498 2144 Quod
513 2064 603 2130 enim
619 2061 654 2130 in
671 2062 770 2145 priori
800 2085 942 2132 munere
958 2064 993 2132 in
1008 2086 1151 2133 numero
1177 2066 1334 2135 detectus

332 2161 448 2230 haberi
464 2169 608 2244 poterat,
623 2162 658 2231 in
673 2161 849 2244 posteriori
865 2163 1014 2232 maximo
1039 2165 1162 2233 merito
1188 2163 1332 2234 adscribi

332 2260 470 2342 licebat;
486 2269 579 2331 certe
593 2269 726 2331 constat
751 2285 830 2331 eum
856 2285 1027 2333 summum
1046 2287 1238 2334 successum
1261 2287 1333 2334 esse

331 2369 535 2430 assecutum.

415 2461 586 2530 Caeterum
600 2463 742 2531 lectores
757 2463 904 2532 monitos
918 2485 991 2532 esse
1006 2465 1083 2533 volo
1098 2488 1154 2535 me
1169 2464 1243 2535 haec
1264 2487 1331 2534 non

332 2582 484 2631 censurae
497 2582 601 2630 causa
616 2583 814 2630 memorare.
839 2562 925 2631 Cum
941 2563 1091 2646 Godfrey
1107 2565 1235 2634 etenim
1250 2564 1332 2634 mihi

332 2661 449 2729 intima
464 2660 608 2743 contigit
633 2661 866 2730 familiaritate
889 2662 951 2745 uti,
976 2664 1066 2745 quod
1089 2687 1170 2733 casu
1196 2665 1334 2734 coniun-

334 2760 469 2830 ctissimi
486 2760 577 2829 inter
590 2782 652 2830 nos
666 2761 747 2829 facti
766 2783 885 2830 sumus
900 2762 979 2831 inde
1003 2785 1023 2831 a
1047 2764 1259 2846 temporibus
1284 2786 1334 2834 so

332 2861 394 2929 luti
410 2858 576 2942 Holladay
602 2861 726 2942 arcani,
752 2861 899 2943 indeque
924 2863 997 2930 eius
1011 2864 1233 2945 sagacitatem
1248 2887 1334 2933 nun·

332 2982 436 3042 quam
451 2981 519 3028 non
535 2981 578 3028 ex
593 2960 693 3030 corde
720 2961 857 3029 maximi
883 2962 961 3043 feci,
987 2984 1086 3045 aeque
1110 2985 1148 3033 ac
1175 2963 1333 3033 fiduciam

332 3059 383 3128 sui
398 3060 642 3141 inconcussam,
665 3062 877 3142 celeremque
906 3083 960 3130 res
983 3062 1203 3144 perspiciendi
1228 3065 1335 3133 facul·

331 3167 447 3228 tatem.
471 3159 523 3228 lta
538 3159 610 3241 ipse
636 3182 699 3229 sua
721 3160 929 3242 imaginandi
952 3163 1117 3232 facultate
1140 3164 1192 3232 uti
1215 3186 1334 3233 consu·

331 3260 413 3341 evit,
429 3265 469 3327 ut
484 3280 548 3342 ego
563 3281 653 3342 saepe
668 3281 807 3330 mecum
822 3267 1019 3344 reputarem
1046 3270 1175 3344 quanto
1201 3264 1277 3346 plus
1298 3264 1335 3332 li-

332 3366 442 3429 ctores
457 3359 563 3428 nostri
579 3359 735 3429 acumine
750 3369 897 3443 possent,
913 3361 940 3429 si
957 3362 1104 3444 quadam
1119 3371 1217 3445 parte
1232 3363 1334 3433 huius

330 3458 457 3540 ingenii
474 3459 607 3541 praediti
622 3469 754 3541 essent;
777 3460 903 3542 saepius
928 3462 1030 3530 etiam
1057 3464 1205 3545 comperi
1231 3464 1335 3532 huius

330 3581 393 3642 ope
407 3581 465 3628 eos
488 3560 636 3630 multum
667 3559 826 3629 delectari
838 3581 846 3640 ;
877 3562 1084 3644 caeteroquin
1109 3584 1171 3632 sua
1195 3585 1273 3633 cum
1294 3564 1335 3633 iis

330 3659 440 3742 prisca
453 3659 655 3742 coniunctio,
680 3659 816 3742 fidaque
839 3661 874 3729 in
899 3661 1054 3731 amicitiis
1069 3663 1333 3747 perseverantia,

330 3781 416 3842 quas
431 3767 513 3828 tunc
529 3761 694 3842 temporis
709 3760 957 3844 conciliaverat,
973 3783 1145 3831 accessum
1161 3762 1204 3831 ad
1225 3785 1266 3832 ea
1289 3764 1334 3832 lo·

314 3881 370 3950 ¹ca
384 3858 445 3928 sibi
461 3866 759 3942 comparaverunt,
772 3881 850 3942 quae
864 3860 947 3942 aliis,
962 3861 1077 3930 minus
1087 3862 1273 3931 fortunatis
1284 3884 1335 3931 re·

329 3958 494 4028 latoribus
517 3957 610 4028 haud
648 3961 816 4041 paterent.
850 3959 974 4030 Actum
1001 3961 1185 4043 quemlibet
1216 3962 1330 4031 minus

331 4057 545 4140 probandum
559 4079 737 4141 nunquam
760 4081 840 4127 eum
866 4059 1070 4128 commisisse
1085 4061 1232 4144 memini,
1248 4083 1334 4130 nun·

330 4178 434 4240 quam
452 4157 542 4226 enim
556 4179 695 4228 causam
711 4158 773 4227 sibi
789 4158 950 4228 iniustam
969 4159 1075 4228 visam
1092 4161 1333 4244 propugnavit,
