3554 5156
442 857 506 926 144
704 870 913 926 ursrumuu
934 869 1042 925 nucu
1064 864 1182 926 somn

441 1036 592 1121 babitur,
608 1037 708 1108 licere
722 1039 854 1108 forulos
875 1037 1006 1121 aperire
1017 1038 1278 1121 litterarumque
1292 1037 1436 1108 fascicu-

442 1139 515 1209 lum
529 1138 677 1208 tollere.”

525 1237 580 1309 “Si
594 1238 774 1310 discrimen
790 1239 903 1310 subire
918 1239 1095 1321 voluerit,”
1111 1237 1277 1308 assentior
1290 1260 1365 1321 ego.

525 1338 762 1410 “conventum
776 1345 849 1420 est;
871 1339 971 1409 simul
985 1345 1090 1422 atque
1105 1361 1181 1408 eam
1195 1360 1396 1420 convenero,
1409 1343 1444 1406 te

441 1440 620 1523 evocabo,”
642 1439 761 1524 inquit.
784 1439 990 1522 “Utcunque
1004 1446 1130 1521 tamen,
1145 1439 1292 1522 gratiam
1316 1438 1379 1508 tibi
1399 1437 1444 1506 ob

441 1540 670 1612 urbanitatem
687 1548 784 1611 tuam
799 1540 938 1622 habeo,”
954 1539 1078 1624 quibus
1092 1538 1190 1610 dictis
1205 1539 1365 1610 discessit.

524 1641 723 1713 Verosimile
738 1648 791 1710 est
806 1662 885 1710 eum
899 1639 978 1710 hinc
1003 1639 1169 1710 rectavia
1181 1639 1225 1710 ad
1241 1639 1332 1710 aedes
1345 1638 1444 1710 fami-

440 1741 495 1811 liae
509 1741 545 1811 in
559 1741 678 1811 Platea
701 1741 766 1811 iter
792 1739 971 1822 direxisse;
1001 1746 1063 1810 aut
1087 1761 1169 1810 vero
1194 1739 1386 1810 Matronam
1406 1739 1442 1808 in

441 1862 505 1911 sua
529 1840 661 1911 officina
686 1840 918 1924 praestolatam
934 1861 1026 1921 esse;
1047 1861 1128 1909 nam
1153 1840 1244 1910 intra
1269 1840 1442 1910 dimidiam

441 1942 561 2013 horam
575 1962 630 2010 me
646 1940 812 2010 evocavit.

526 2039 657 2112 “Cliens
671 2041 778 2123 mea,'’
793 2039 914 2123 inquit,
930 2038 1064 2109 “arcam
1079 2040 1151 2110 sine
1166 2061 1261 2110 mora
1271 2039 1383 2110 visum
1394 2039 1443 2109 ire

441 2142 545 2225 cupit.
567 2142 645 2225 lpsa
673 2140 786 2210 animo
809 2147 884 2210 tota
908 2146 961 2210 est
986 2141 1164 2223 concitata,
1190 2139 1377 2224 praesertim
1401 2162 1443 2209 ex

440 2263 509 2326 quo
533 2241 699 2311 intellexit
726 2241 834 2309 alium
860 2240 1054 2324 quempiam
1075 2240 1228 2309 forulum
1250 2246 1441 2310 temerasse.

440 2341 666 2425 Quandonam
690 2339 751 2409 tibi
776 2340 993 2409 commodum
1016 2345 1068 2409 est
1089 2339 1265 2410 nobiscum
1280 2339 1396 2409 venire
1405 2338 1442 2408 ?''

524 2440 673 2510 ‘'Licebit
687 2439 804 2522 illico,’'
816 2439 982 2524 respondi.

524 2540 690 2610 “Pminde
704 2539 747 2610 ad
763 2539 1002 2610 devehendum
1016 2546 1053 2610 te
1067 2540 1246 2611 confestim
1260 2539 1323 2609 tibi
1337 2538 1443 2610 aden'-

439 2663 527 2712 mus.
549 2639 736 2725 Quindenis
750 2646 812 2710 aut
826 2641 955 2710 vicenis
967 2640 1110 2710 minutis
1124 2641 1201 2723 plus
1223 2639 1316 2710 haud
1331 2661 1442 2710 sume·

438 2743 547 2812 mus.”

523 2841 688 2924 “Placet''
705 2841 872 2924 respondi,
888 2839 1095 2911 “adventum
1110 2847 1265 2910 vestrum
1275 2841 1440 2924 opperiar.

439 2943 567 3026 Utique
579 2948 704 3012 testem
718 2962 852 3011 meeum
867 2941 1066 3011 accersam.”

523 3041 699 3125 “AEquum
718 3042 856 3124 facies,”
871 3041 1056 3111 assentitur
1081 3040 1185 3111 herus
1210 3041 1441 3112 Homblower.

440 3141 553 3212 “Nihil
568 3164 611 3212 ex
624 3148 741 3211 nostra
755 3149 853 3225 parte
867 3141 985 3211 oberit
1012 3141 1104 3225 Ergo
1127 3141 1162 3210 in
1184 3141 1311 3211 vicenis
1332 3142 1442 3212 minu·

438 3243 514 3312 tiso„

522 3342 676 3412 Primum
690 3363 795 3426 quam
808 3347 960 3425 poteram
976 3342 1143 3412 officinam
1171 3343 1306 3412 Reoord
1330 3343 1442 3427 appel·

438 3443 517 3525 lavi,
532 3442 591 3512 sed
606 3441 758 3524 Godfrey
772 3441 900 3512 aberat
922 3442 1022 3525 Eum,
1037 3463 1133 3512 more
1155 3464 1226 3524 suo,
1248 3443 1370 3527 aliquis
1390 3465 1441 3512 re-

439 3543 584 3628 spondit,
598 3563 708 3627 usque
722 3542 766 3612 ad
781 3541 959 3613 dimidium
973 3543 1224 3627 postmeridiem
1240 3543 1357 3613 venire
1371 3565 1440 3624 pon

438 3645 555 3713 solere.
577 3641 728 3713 Evocavi
743 3641 950 3712 domicilium
973 3642 1057 3726 eius,
1073 3642 1132 3712 sed
1148 3643 1280 3713 nullum
1305 3643 1370 3713 tuli
1391 3664 1442 3713 re·

439 3764 610 3827 sponsum.
625 3742 780 3812 Tandem
794 3741 885 3812 aedes
900 3742 1047 3813 Vantiue
1062 3743 1212 3813 evocavi.

522 3841 681 3925 “Parks,”
708 3843 839 3926 appello
868 3864 959 3926 eum,
985 3841 1041 3912 “in
1066 3843 1227 3913 societate
1250 3842 1441 3927 aliquorum

439 3964 518 4013 mox
532 3942 624 4026 apud
638 3964 701 4012 vos
714 3941 827 4024 adero,
842 3942 902 4026 qui
916 3964 1030 4012 arcam
1045 3942 1209 4026 inspicere
1224 3944 1341 4014 velint
1356 3945 1442 4015 Con·

439 4044 569 4115 sultum
583 4048 672 4112 esset
685 4043 854 4114 camalam
869 4065 889 4113 e
904 4042 961 4113 via
982 4043 1111 4113 amoliri
1126 4049 1163 4114 et
1177 4051 1301 4115 cuncta
1314 4044 1442 4115 lumina

440 4141 655 4214 accendere.”
