3554 5156
708 921 995 980 nnmomnonss
1305 905 1347 976 91

431 1091 515 1165 “Est
529 1093 583 1165 vir
597 1093 736 1177 quidam
752 1093 812 1176 qui
829 1098 864 1163 te
879 1090 1128 1177 prestolatur?
1143 1089 1273 1161 affatur
1281 1112 1347 1173 me,

348 1195 407 1263 ubi
422 1195 650 1265 vectaculum¹
666 1217 804 1266 sursum
830 1215 930 1264 ruere
954 1192 1067 1275 coepit.
1104 1190 1238 1260 “Herus
1261 1189 1348 1260 God-

347 1296 425 1377 frey
438 1295 467 1364 is
482 1301 543 1364 est.
566 1295 632 1366 Vix
647 1295 736 1364 dena
752 1293 886 1364 minuta
901 1300 981 1362 ante
996 1292 1051 1361 hic
1063 1290 1189 1374 attigit.
1222 1290 1348 1359 Merno-

348 1395 448 1464 rabat
462 1401 498 1464 te
513 1416 594 1465 eum
609 1402 816 1478 exspectare,
838 1393 935 1476 proin
949 1393 984 1462 in
1000 1400 1062 1462 tua
1087 1390 1242 1462 cubicula
1267 1412 1347 1459 eum

348 1494 498 1566 admisi.”

432 1610 575 1682 “Fecisti
590 1613 726 1695 amioe‚”
743 1610 909 1696 respondi,
925 1611 1042 1679 etiam
1056 1609 1182 1679 iterum
1198 1607 1241 1678 de
1255 1609 1348 1677 inde

347 1713 448 1782 fessis
462 1713 594 1783 viribus
608 1713 761 1796 Godfrey
775 1711 935 1794 cogitavi.

430 1813 520 1882 Eum
533 1813 568 1882 in
583 1813 742 1883 artisellio
768 1813 983 1882 volutantem
1010 1817 1047 1880 et
1073 1811 1108 1882 in
1123 1831 1178 1879 me
1194 1808 1347 1879 reniden-

349 1920 420 1982 tem
435 1914 567 1983 intrans
582 1915 701 1996 reperi.

432 2029 600 2114 “Higgins
614 2053 669 2100 me
683 2031 799 2102 docuit
813 2039 849 2102 te
864 2032 1010 2102 necdum
1025 2028 1226 2112 revenisse,'’
1250 2029 1347 2097 fatur

348 2131 491 2201 velutin
507 2131 775 2215 explicationem,
792 2131 929 2216 “itaque
944 2132 997 2202 hic
1012 2138 1048 2199 te
1063 2130 1276 2213 aliquantum
1291 2150 1347 2196 ex·

347 2238 500 2314 spectare
516 2239 630 2301 ratum
646 2231 728 2301 duxi
743 2253 783 2300 ea
798 2234 884 2314 lege,
910 2239 960 2315 ut,
987 2233 1014 2300 si
1040 2230 1224 2299 admodum
1239 2230 1347 2296 lassus

347 2354 415 2401 non
431 2353 530 2414 esses,
546 2333 759 2415 aliquantum
775 2333 1082 2415 verbigeraremur.
1118 2329 1176 2400 Sin
1191 2350 1275 2397 vero
1289 2328 1347 2396 ali·

349 2439 411 2514 ter,
427 2433 480 2501 dic
494 2431 602 2514 sodes,
618 2438 654 2501 et
668 2453 733 2515 ego
747 2454 803 2502 me
819 2455 837 2501 e
852 2433 964 2502 medio
979 2433 1095 2502 tollam
1110 2430 1296 2513 protinus.”

430 2549 576 2619 “Lassus
590 2571 659 2618 non
675 2551 784 2631 sum,''
811 2548 967 2633 respondi
993 2552 1116 2618 laenam
1137 2569 1248 2617 meam
1264 2568 1345 2629 pen·

347 2649 439 2719 dens.
461 2648 573 2733 “Quin
600 2650 822 2720 valentiorem
837 2672 892 2720 me
908 2649 1017 2719 sentio
1041 2669 1144 2732 quam
1169 2669 1240 2718 una
1260 2646 1346 2716 hora

347 2750 458 2820 ante.'’

429 2849 529 2920 “Non
543 2872 599 2920 me
613 2850 742 2921 latebat
766 2859 849 2920 tunc
866 2855 900 2920 te
916 2857 1052 2920 tantum
1066 2871 1134 2919 non
1149 2848 1345 2919 confectum

348 2951 452 3019 esse.”

428 3049 595 3133 “Quinam
611 3057 652 3120 tu
667 3069 782 3134 sospes
793 3050 1030 3134 perduravisti
1042 3048 1238 3131 Godfreyt”
1254 3069 1345 3129 oure

346 3173 383 3218 ro
398 3173 440 3219 ex
455 3173 505 3232 eo,
521 3151 603 3220 dum
619 3173 639 3220 e
653 3151 792 3234 regione
819 3151 881 3220 sibi
906 3151 1021 3221 sedem
1046 3149 1232 3233 capiebam.
1268 3146 1343 3216 “Tu

346 3250 500 3320 defessus
514 3251 653 3320 minime
669 3251 825 3321 videris.”

429 3366 532 3438 “Sum
548 3368 695 3451 tamen,”
711 3367 769 3450 ait,
786 3366 999 3451 “paucillum.
1037 3366 1103 3437 Sed
1129 3367 1241 3436 fultus
1267 3385 1344 3434 sum

344 3469 482 3538 cerebro
497 3469 613 3550 stulto,
629 3469 720 3551 quod
740 3490 864 3552 corpus
886 3490 995 3552 usque
1020 3489 1061 3537 eo
1086 3465 1169 3537 dum
1195 3465 1278 3549 quid
1300 3464 1343 3534 ad

344 3575 517 3651 agendum
532 3568 689 3651 supersit,
705 3569 807 3652 sopiri
821 3591 890 3639 non
905 3569 993 3638 sinit
1031 3568 1147 3651 Quum
1161 3588 1246 3637 vero
1270 3565 1343 3634 haec

345 3669 498 3752 perfecta
523 3675 615 3751 sunt,
639 3690 763 3752 corpus
788 3669 928 3751 relaxat,
954 3669 1045 3752 quod
1071 3667 1179 3738 instar
1193 3687 1343 3738 vacerrae

344 3791 461 3838 somno
476 3769 653 3852 mergitur.
675 3768 776 3839 Modo
792 3777 949 3839 accurate
970 3769 1050 3838 novi
1074 3789 1129 3837 me
1155 3767 1218 3837 hac
1243 3773 1343 3836 nocte

344 3891 461 3938 somno
476 3869 581 3952 probe
597 3868 668 3939 frui
684 3890 794 3952 usque
808 3891 849 3938 eo
863 3891 932 3939 non
954 3891 1062 3952 posse,
1088 3867 1195 3938 donec
1219 3867 1342 3937 scitum

444 4057 468 4106 l.
490 4052 679 4106 Vectaeolom
692 4054 823 4122 quidquid
836 4054 953 4114 vehitur,
966 4053 1019 4106 rite
1032 4052 1213 4118 appellamus:
1230 4051 1275 4103 hic
1289 4051 1342 4104 loci

344 4152 427 4190 cavea
452 4143 502 4200 est,
524 4153 585 4203 qnae
607 4153 669 4190 cum
695 4142 793 4191 caetero
819 4136 1041 4190 machinamento
1063 4133 1168 4188 tolleno
1192 4134 1343 4200 appellatur

344 4227 405 4287 post
417 4221 583 4274 Vitruvium.
