3536 5156
452 875 514 948 174
710 892 923 946 urs-runnu
944 891 1053 944 anes
1074 884 1192 944 mura

532 1057 609 1125 Non
636 1057 832 1138 ignorabam
859 1057 940 1138 quid
950 1070 1023 1124 erat
1033 1057 1447 1134 dicturussedadiuvan-

449 1157 531 1226 dum
548 1180 627 1225 eum
644 1158 723 1224 nihil
741 1158 896 1238 expedire
912 1158 1113 1224 existimati.

532 1257 657 1326 “Recte
680 1258 825 1325 fortasse
849 1257 964 1324 divino
993 1268 1236 1324 tastamentum
1265 1279 1346 1324 eum
1375 1257 1449 1325 reli·

449 1357 607 1440 quisseY'
622 1358 745 1438 quaerit
760 1357 908 1425 tandem

533 1457 720 1526 “Divinasti
744 1457 849 1536 bene;
870 1457 937 1524 iam
963 1457 1066 1524 etiam
1089 1457 1132 1525 ad
1148 1457 1235 1524 idem
1260 1457 1315 1525 die
1340 1457 1448 1525 Lunae

451 1557 663 1642 probandum
678 1578 758 1640 quae
772 1557 850 1625 usui
872 1559 950 1636 sint,
973 1556 1222 1638 apparavimus
1244 1556 1278 1625 Si
1304 1565 1379 1625 tum
1400 1557 1449 1625 in-

450 1657 577 1740 spioere
592 1657 749 1738 volueris,
764 1656 907 1725 licebit”

533 1755 654 1826 “Tune
669 1757 735 1825 iam
751 1757 785 1826 id
801 1757 973 1838 inspexisti
985 1757 1023 1824 ?”

536 1855 666 1940 “Leges
680 1857 754 1925 eius
767 1856 850 1925 mihi
865 1857 1048 1925 notissimae
1062 1865 1153 1924 sunt„
1175 1856 1238 1925 Hic
1258 1857 1293 1924 in
1316 1855 1449 1925 officina

451 1957 521 2028 tuit
536 1957 660 2040 scripto
674 1957 906 2026 mandatum'’

534 2057 702 2139 Mystaooe
716 2079 796 2124 suas
811 2078 952 2124 nervose
968 2057 1128 2125 tortabat

534 2155 723 2226 “Patruelis
738 2155 913 2238 Philippus
933 2178 1096 2239 perquam
1111 2157 1181 2225 fuit
1196 2157 1387 2239 opulentus,
1409 2165 1449 2226 ut

451 2255 623 2340 proditum
638 2255 784 2338 audivi,”
799 2255 901 2338 coepit
916 2255 1053 2324 ambire.

535 2354 812 2436 “Quodammodo
835 2355 1026 2439 opulentus
1048 2355 1163 2425 Sortes
1185 2356 1450 2438 securitatesque

451 2455 527 2527 eius
540 2455 654 2526 valore
669 2477 773 2525 unam
788 2455 969 2524 millionem
991 2477 1070 2525 cum
1093 2455 1282 2538 quadrente
1304 2455 1450 2537 attinge-

453 2555 547 2638 bant,
562 2562 686 2638 praeter
703 2555 860 2638 quaedam
874 2554 1058 2624 immobilia
1072 2591 1113 2599 —
1136 2561 1182 2636 et,
1198 2555 1327 2636 utique,
1350 2555 1450 2636 aedes,

453 2677 539 2739 quas
553 2655 728 2725 incolebat.
751 2655 893 2737 Insuper
913 2676 1076 2738 magnum
1102 2661 1304 2737 apparatum
1327 2654 1451 2736 produ-

453 2763 587 2826 ctorum
601 2753 739 2824 artis-
755 2754 950 2824 tabularum
972 2755 1149 2837 pictarum,
1165 2753 1378 2837 supellectilis
1392 2753 1450 2822 do

453 2855 611 2937 medicae,
636 2861 839 2938 tariotarum,
869 2861 1139 2936 caeterarumque
1168 2875 1283 2922 rerum
1306 2853 1451 2936 idgenus

454 2953 580 3025 circum
596 2977 631 3024 se
646 2961 845 3037 congestum
861 2953 1024 3036 habebat;
1046 2975 1125 3037 quae
1145 2953 1258 3024 omnia
1282 2961 1450 3036 quantum

454 3054 600 3136 valeant,
615 3055 760 3124 fortasse
774 3075 952 3136 nunquam
967 3053 1160 3124 rescietur.”

538 3153 671 3224 “Eccur
684 3175 752 3223 non
761 3153 798 3225 ?''
814 3153 937 3236 quaerit
952 3153 1017 3222 ille.

539 3251 726 3337 “Quoniam
741 3252 911 3323 haeredem
926 3252 1077 3322 omnium
1093 3274 1207 3322 rerum
1219 3253 1377 3322 Museum
1388 3252 1450 3322 Ar-

379 3435 389 3458 ,
454 3353 542 3424 tium
557 3353 855 3437 Metropolitanum
869 3353 1054 3422 constituit.
1086 3352 1318 3434 Praeterquam
1342 3375 1451 3436 pauca

454 3453 568 3538 legata
582 3453 652 3524 suis
673 3453 843 3522 veteranis
864 3453 1003 3522 famulis
1025 3452 1202 3536 adscripta,
1225 3460 1350 3522 cuncta
1372 3475 1451 3536 quae

455 3575 518 3624 sua
532 3560 630 3624 erant
644 3553 752 3622 eidem
769 3553 930 3622 lnstituto
951 3553 1117 3636 reliquit.”

539 3653 694 3724 Fortasse
709 3653 799 3722 iusto
814 3651 933 3722 rudius
947 3652 1020 3722 haec
1045 3651 1203 3722 oboculos
1217 3653 1247 3722 ei
1263 3653 1370 3736 posui,
1392 3652 1451 3722 sed

455 3753 644 3824 intervisui¹
659 3751 762 3823 finem
776 3752 890 3823 facere
905 3752 1020 3822 statui.

555 3971 579 4022 1.
601 3967 774 4030 intervisas,
790 3967 848 4032 -rts,
865 3973 896 4021 ut
907 3983 1006 4021 nomen
1029 3968 1230 4021 substantivum
1252 3969 1381 4021 Romanis
1398 3969 1451 4020 tor-

453 4043 525 4091 tasse
537 4053 591 4090 non
603 4037 744 4096 usitatum,
758 4035 855 4088 saltem
867 4035 1009 4088 ostendere
1031 4051 1143 4102 nequem
1164 4036 1276 4088 verbum
1296 4041 1388 4088 tamen
1402 4034 1448 4086 in·

454 4103 589 4166 torulum]
608 4102 657 4165 -si,
673 4117 752 4154 -sum
764 4103 832 4155 sutis
843 4103 972 4168 frequens
984 4108 1012 4154 et
1025 4103 1053 4154 ln
1066 4103 1172 4163 Plauto,
1186 4103 1255 4154 etin
1270 4103 1400 4156 Cicerone
1421 4117 1453 4154 ac

452 4171 591 4234 Suetonio,
602 4185 683 4224 seusu
696 4185 713 4222 a
725 4175 818 4224 nostro
829 4185 924 4236 purum
936 4168 1050 4231 diverso,
1060 4185 1157 4236 nempe
1168 4169 1287 4237 aliquem
1300 4169 1454 4223 clanculum
