3500 5158
438 889 501 958 296
697 905 906 960 nrsrnnnru
928 903 1035 958 onom
1056 895 1176 957 nourr

436 1071 529 1142 hunc
552 1073 774 1143 salutatorem
801 1073 928 1143 arctius
956 1079 1130 1155 aspectare
1159 1069 1344 1152 videreque
1373 1091 1441 1152 quo

437 1172 584 1256 denique
600 1172 784 1243 devenerit.
801 1173 890 1242 Loco
913 1179 1029 1242 tamen
1052 1172 1167 1254 huius,
1197 1169 1367 1241 Crochard
1382 1169 1441 1239 do·

438 1280 598 1342 cumenta
606 1273 898 1356 Pigotinsaccum
908 1271 1105 1355 recondidit,
1113 1270 1254 1354 bulgam
1262 1270 1336 1340 eius
1344 1277 1442 1340 extra

439 1372 578 1443 ianuam
593 1372 770 1444 collocavit
784 1374 905 1456 dietae,
915 1379 992 1442 tum
999 1371 1206 1456 compositus
1216 1370 1350 1454 prodiit,
1359 1369 1441 1440 ami·

440 1493 498 1542 cos
512 1494 593 1543 suos
607 1472 770 1543 relatores
790 1473 968 1554 convenit;
990 1493 1054 1554 ego
1076 1478 1205 1553 autem,
1220 1493 1283 1540 ceu
1309 1469 1443 1553 puellus

438 1572 598 1644 scholaris
620 1596 700 1644 cum
725 1596 765 1643 eo
787 1575 981 1657 colloquens
1005 1573 1071 1642 illic
1086 1571 1166 1641 steti
1182 1607 1223 1617 -
1237 1592 1300 1640 nec
1315 1571 1441 1640 mirum

438 1673 466 1743 si
481 1695 537 1742 me
553 1673 698 1744 bardum
711 1695 751 1742 ac
766 1674 953 1744 bucconem
964 1695 1037 1743 esse
1050 1670 1179 1742 iudicat
1188 1670 1218 1740 !”

522 1788 672 1860 “Verum
686 1811 749 1860 nec
764 1790 849 1861 alius
863 1791 1045 1873 quisquam
1062 1788 1096 1858 id
1111 1787 1303 1872 suspicatus
1313 1794 1403 1858 esset
1412 1787 1441 1856 !”

439 1890 578 1960 halitavi
593 1911 668 1972 ego.
685 1889 768 1959 “Est
782 1890 925 1973 AEdepol
940 1890 994 1959 ille
1017 1943 1026 1959 .
1049 1943 1057 1959 .
1080 1889 1109 1958 .”

522 2005 688 2090 “Ingenio
701 2007 857 2091 insigni,”
872 2008 985 2091 explet
1011 2006 1172 2091 Godfrey.
1202 2004 1365 2090 “Ingenio
1386 2027 1443 2076 su·

438 2128 566 2190 premo,
580 2107 636 2176 cui
650 2128 750 2178 nemo
765 2108 810 2177 sit
824 2108 1083 2192 comparandus.
1115 2108 1191 2190 Ego
1204 2129 1287 2177 vero
1301 2107 1375 2176 haec
1390 2113 1442 2176 to·

442 2213 479 2277 to
494 2229 534 2276 eo
549 2213 702 2290 tempore
718 2208 809 2290 novi,
825 2207 966 2291 proinde
979 2229 1102 2278 cavere
1116 2229 1172 2278 me
1187 2206 1338 2277 decebat.
1360 2207 1441 2276 Pro-

440 2307 482 2376 be
497 2307 679 2376 meministi
694 2329 774 2377 eum
789 2307 872 2377 mihi
887 2329 948 2392 per
961 2307 1092 2378 litteras
1105 2307 1280 2378 nuntiasse
1294 2307 1395 2377 hodie
1405 2327 1442 2376 se

440 2413 629 2476 venturum
637 2406 675 2476 ?'’

525 2505 716 2576 “Memini-n

523 2603 617 2676 “Nec
632 2614 671 2676 tu
687 2607 891 2678 credidisti.''

524 2721 598 2792 “Ne
612 2745 705 2793 nunc
720 2723 858 2808 quidem
872 2723 1010 2795 credere
1025 2723 1145 2808 queo.''

524 2821 662 2893 “Unum
676 2824 773 2894 nobis
789 2824 907 2895 solatio
928 2824 994 2894 erit
1018 2861 1057 2870 -
1081 2823 1116 2894 id
1145 2824 1260 2908 Grady
1285 2830 1441 2895 nostrum

440 2922 690 2993 labefactabit·

523 3038 683 3124 ‘'Verum,
699 3041 883 3124 Godfrey,''
897 3043 1107 3125 interloquor
1122 3064 1197 3126 ego,
1213 3041 1261 3112 “si
1273 3042 1373 3113 modo
1383 3064 1443 3113 eos

440 3140 640 3211 adamantes
663 3140 779 3210 videre
805 3141 974 3224 potuisses
995 3179 1037 3187 -
1062 3141 1263 3212 adamantes
1287 3164 1345 3213 eos
1369 3143 1442 3226 pul·

438 3238 623 3310 cherrimus
637 3275 679 3285 -
693 3262 765 3323 pro,
780 3241 898 3312 nefas!
931 3242 1022 3326 quod
1047 3242 1144 3312 nobis
1169 3241 1440 3326 inspectantibus

441 3361 499 3409 eos
515 3339 646 3422 eripere
660 3339 771 3410 valuit
781 3340 809 3409 !''

524 3453 661 3525 “Scelus
675 3477 788 3526 nonne
803 3458 1004 3528 nefastrun?
1025 3458 1090 3528 Ast
1110 3458 1205 3528 facta
1217 3459 1347 3529 iniecta
1368 3458 1442 3528 fieri

438 3562 626 3638 nequeunt,
642 3555 792 3640 Lester;”
818 3557 897 3627 dein
911 3566 1047 3628 mutata
1061 3580 1145 3629 voce
1160 3559 1348 3643 subiunxit,
1364 3557 1443 3629 “ve-

440 3656 490 3737 lis,
505 3676 599 3738 rogo,
623 3677 708 3738 cras,
733 3657 882 3740 meridie,
906 3659 962 3728 vel
987 3657 1101 3741 potius
1115 3658 1225 3741 hodie,
1246 3658 1282 3727 in
1305 3665 1368 3728 tua
1390 3658 1441 3728 in·

445 3761 572 3825 teresse
596 3755 760 3826 officina.”

524 3852 671 3938 “Placet,
685 3856 864 3940 interero‚’'
880 3858 1054 3942 spopondi.

521 3953 633 4024 “Cave
648 3955 730 4025 mihi
745 3956 905 4028 defueris.
921 3959 1035 4042 Usque
1050 3981 1140 4030 unus
1150 3958 1325 4030 comoediae
1339 3966 1438 4034 actus

440 4055 483 4126 ad
501 4055 673 4138 agendum
689 4058 875 4140 superest.''
1183 4057 1185 4064 ‘

520 4168 724 4255 “Interero,”
740 4171 809 4242 dixi
824 4173 981 4244 iterum.''
995 4175 1124 4246 Vereor
1139 4181 1254 4246 tamen
1277 4197 1321 4246 ne
1344 4183 1441 4247 actus
