3500 5158
438 913 502 982 266
700 925 911 981 ursmnnru
932 923 1039 979 anon
1059 915 1178 978 nourr

523 1094 662 1166 Summo
677 1093 900 1166 simulationis
925 1099 1060 1174 conatu,
1087 1091 1184 1176 quasi
1210 1089 1295 1159 nihil
1320 1089 1439 1159 adme

440 1195 612 1279 attineret,
627 1196 730 1264 ianua
744 1198 872 1278 aperta,
888 1193 1040 1263 transivi.
1074 1191 1158 1261 Dein
1175 1190 1305 1260 invitus
1318 1189 1441 1258 cousti-

440 1296 477 1364 ti.
499 1295 589 1365 Nam
604 1295 679 1377 illic,
694 1296 729 1364 in
744 1295 856 1365 medio
877 1295 956 1376 solo,
980 1293 1092 1363 stabat
1116 1312 1194 1361 arca
1221 1291 1336 1372 Boule,
1358 1289 1440 1359 hero

441 1395 542 1478 Pigot
556 1395 600 1464 ad
613 1416 722 1464 unum
737 1396 827 1465 latus
841 1394 1007 1476 adstante,
1023 1415 1041 1461 e
1057 1391 1194 1474 regione
1218 1397 1334 1460 autern
1359 1389 1441 1459 Gra·

441 1495 487 1577 dy
501 1503 535 1564 et
550 1495 741 1565 Simmonds
754 1494 961 1577 sedentibus,
976 1499 1012 1562 et
1027 1493 1061 1561 in
1077 1491 1166 1560 sellis
1188 1512 1286 1574 paene
1311 1489 1441 1558 incurie

442 1595 629 1678 prostratis,
643 1596 828 1677 nigrosque
842 1593 1062 1663 convolvulos
1076 1591 1303 1661 fumantibus.
1423 1581 1427 1596 ’

526 1694 686 1764 Omnium
702 1694 790 1763 oculi
802 1694 838 1763 in
854 1715 907 1762 me
924 1693 1108 1762 intrantem
1123 1691 1277 1760 conversi
1292 1696 1384 1771 suut,
1406 1695 1440 1758 et

443 1795 543 1878 Pigot
559 1794 697 1878 quidem
711 1802 869 1878 caperata
884 1796 1010 1878 fronte,
1025 1795 1060 1863 in
1076 1793 1237 1864 indicium
1253 1812 1325 1861 suae
1340 1789 1440 1858 urba-

442 1895 560 1964 nitatis
582 1895 625 1964 ad
651 1895 843 1977 ruptionem
875 1895 1033 1976 intentae;
1065 1892 1256 1964 Simmonds
1280 1890 1441 1960 affectata

442 1995 629 2077 miratione,
646 1995 771 2076 Grady,
787 1995 945 2076 denique,
960 1994 1083 2063 blando
1098 1994 1234 2074 lenique
1260 1991 1340 2072 risu,
1364 1988 1444 2058 alio

443 2095 526 2178 quin
542 2116 681 2164 vacuus.
704 2095 775 2164 Hoc
790 2095 860 2164 risu
876 2095 1111 2164 animadverso
1132 2093 1267 2162 animus
1280 2089 1362 2159 mihi
1378 2089 1441 2159 eri-

442 2196 478 2279 gi
494 2195 606 2277 coepit.

528 2293 649 2377 “Ergo,
665 2295 756 2363 Here
777 2295 927 2376 Lester‚''
950 2316 1006 2363 me
1029 2294 1168 2374 affatur,
1194 2291 1329 2362 “arcam
1355 2293 1443 2362 hanc

444 2396 560 2465 videre
575 2394 670 2478 cupis
680 2394 717 2464 Y’

529 2493 665 2578 “Cupio,
681 2495 869 2577 equidem,”
886 2494 1051 2576 respondi,
1074 2491 1381 2577 “quandoquidem,
1403 2500 1443 2561 ut

444 2595 543 2677 nosti,
558 2616 599 2663 ea
615 2616 734 2664 revera
749 2594 791 2663 ad
807 2595 895 2663 bona
911 2600 1042 2676 spectat
1056 2593 1213 2674 Vantine;
1226 2593 1309 2661 mihi
1323 2593 1359 2662 in
1373 2591 1443 2661 ani·

445 2716 501 2763 mo
516 2701 568 2763 est
584 2715 659 2762 eam
673 2694 844 2763 vindicare
868 2731 899 2738 -
916 2694 1051 2775 scilicet,
1074 2694 1103 2762 si
1128 2715 1196 2776 quo
1220 2714 1300 2762 casu
1317 2692 1389 2762 sine
1404 2692 1441 2760 li-

446 2801 480 2864 te
496 2793 676 2863 restituere
690 2794 806 2862 nolis.”

529 2892 595 2962 “Et
609 2894 671 2964 hoc
687 2894 748 2963 tibi
763 2893 872 2976 modo,
889 2894 1001 2963 media
1015 2902 1124 2976 nocte,
1147 2915 1227 2963 casu
1243 2892 1278 2961 in
1293 2900 1444 2962 mentem

445 2993 586 3065 venit?”
603 3015 665 3076 per
679 2994 821 3062 ironiam
837 2994 970 3075 quaerit.

530 3091 719 3174 “Minime'’
735 3092 897 3162 audacter
913 3093 958 3162 illi
974 3115 1104 3175 rogero,
1120 3091 1200 3162 “sed
1214 3092 1284 3161 vidi
1295 3099 1376 3162 teet
1385 3092 1443 3161 he-

446 3215 522 3262 rum
538 3191 738 3274 Simmonds,
753 3215 831 3261 cum
846 3193 911 3262 isto
926 3193 1075 3275 ingenuo
1091 3192 1184 3261 viro''
1200 3239 1241 3248 -
1255 3193 1446 3275 proclinans

447 3313 568 3362 versus
581 3292 703 3362 herum
719 3293 819 3374 Pigot
845 3329 879 3338 —
905 3291 1042 3375 “paucis
1067 3292 1248 3361 momentis
1271 3298 1351 3361 ante
1377 3293 1444 3361 huc

446 3392 585 3474 intrare,
612 3391 705 3461 uude
730 3391 812 3461 mihi
837 3392 873 3461 in
899 3392 1052 3461 animum
1075 3392 1171 3461 venit
1196 3391 1357 3474 cogitatio
1372 3391 1445 3460 fieri

448 3514 545 3574 posse
560 3499 601 3562 ut
616 3491 650 3561 id
664 3492 775 3574 gratia
790 3513 878 3561 arcae
892 3492 1025 3561 facturn
1039 3499 1138 3561 esset.
1162 3491 1290 3575 Utique
1310 3513 1374 3561 nos
1387 3513 1447 3560 uo

448 3594 562 3662 lumus
577 3599 617 3661 ut
639 3614 717 3661 arca
740 3593 848 3662 ullum
870 3591 1114 3662 detrimentum
1137 3592 1238 3661 ferat.
1268 3591 1331 3662 Est
1355 3591 1446 3661 enim

447 3691 563 3774 magni
579 3691 709 3774 pretii.''

533 3790 592 3861 “Id
618 3813 662 3860 ue
690 3798 726 3861 te
752 3792 887 3874 angat,''
912 3792 1019 3861 refert
1043 3790 1158 3874 Grady
1178 3791 1292 3861 minus
1321 3788 1447 3872 curius,

449 3891 537 3960 “non
564 3891 594 3960 ei
621 3890 814 3960 officiemus.
837 3891 942 3960 Simul
970 3891 1072 3961 etiam
1098 3899 1182 3974 puto
1208 3911 1283 3960 eam
1308 3911 1371 3960 nos
1385 3891 1447 3960 tibi

449 3998 525 4074 post
539 3991 627 4060 hanc
641 3997 776 4060 noctem
791 3991 1063 4074 quandocunque
1089 3990 1212 4061 dedere
1235 3997 1372 4073 paratos
1392 3991 1448 4060 fu-

448 4099 553 4161 turos.
576 4091 689 4159 Herus
714 4090 853 4172 Piggott
876 4091 1024 4173 primum
1049 4112 1175 4173 paucas
1199 4089 1340 4159 technas
1359 4090 1448 4160 circa

449 4212 526 4262 eam
540 4211 603 4260 nos
617 4191 737 4260 docere
759 4190 864 4273 cupit.
898 4190 1065 4274 Equidem
1088 4197 1172 4274 puto
1196 4191 1249 4260 ius
1275 4189 1446 4272 quoddam
