3554 5156
738 873 914 928 camma
1283 857 1325 926 81

327 1041 384 1112 sed
403 1065 472 1113 non
496 1065 601 1114 manu
624 1042 776 1112 humana
790 1079 831 1087 —
846 1044 966 1112 saltem
990 1065 1059 1111 non
1083 1041 1165 1111 data
1190 1041 1324 1123 opera.''

326 1142 389 1212 Hic
419 1143 567 1213 conticui
592 1143 728 1213 concius
753 1165 808 1212 me
834 1143 907 1212 sine
931 1165 990 1226 spe
1020 1143 1196 1214 fluctuare.
1228 1140 1325 1211 “Tibi

326 1264 426 1326 nunc,
441 1242 601 1326 Godfrey,
617 1243 783 1325 explicare
796 1244 960 1327 nequeo,’'
973 1243 1053 1324 dixi,
1067 1263 1122 1311 me
1137 1241 1234 1325 quasi
1248 1263 1326 1324 pur-

327 1365 420 1424 gans.
443 1343 619 1412 “Necdum
633 1343 716 1412 mihi
731 1343 897 1412 hactenus
911 1343 954 1412 ad
970 1343 1107 1426 penitus
1132 1342 1325 1424 excogitan-

326 1443 409 1513 dum
434 1443 543 1513 otium
569 1443 765 1527 suppetivit.
788 1444 976 1513 Tantulum
1002 1443 1063 1513 tibi
1089 1465 1152 1527 pro
1177 1464 1246 1512 uno
1271 1442 1325 1511 die

327 1543 502 1612 sufficiet.”

418 1643 543 1713 “Recte
557 1645 706 1726 mones,”
720 1644 769 1713 ait
782 1644 816 1713 in
842 1665 897 1712 me
923 1643 1089 1724 renidens,
1106 1641 1234 1713 “habeo
1248 1641 1330 1710 satis

330 1765 391 1826 pro
407 1766 476 1814 uno
492 1744 556 1814 die.
579 1744 680 1814 Nunc
696 1745 763 1813 iam
778 1745 864 1814 vale.
887 1744 957 1814 Sub
978 1745 1098 1813 itinere
1123 1764 1244 1812 versus
1269 1741 1326 1812 do·

328 1866 423 1913 mum
438 1845 527 1914 circa
542 1845 689 1914 mediam
703 1853 849 1928 noctem,
864 1845 892 1914 si
917 1867 971 1914 res
996 1853 1080 1914 tunc
1109 1844 1262 1925 finivero,
1288 1850 1324 1912 te

328 1945 469 2014 visam.''

410 2044 560 2128 Suspirio
575 2045 740 2129 respondi.
755 2045 909 2116 Sollertia
924 2045 1073 2127 Godfrey
1089 2045 1171 2114 mihi
1183 2043 1326 2113 subinde

328 2145 469 2214 taedium
485 2144 660 2215 afferebat.
680 2147 749 2214 lam
763 2146 1002 2229 cupidissimus
1024 2146 1149 2228 quietis
1172 2167 1276 2226 eram,
1288 2151 1323 2213 et

328 2252 443 2314 tamen
459 2251 530 2314 tam
553 2247 663 2314 multa
690 2254 892 2329 supererant
916 2246 1077 2315 curanda.
1101 2247 1169 2326 llle,
1185 2245 1319 2314 tametsi

328 2345 473 2414 sciebam
488 2367 567 2415 eum
582 2345 753 2416 laboribus
768 2347 905 2430 plenum
917 2347 1005 2415 diem
1017 2346 1178 2428 exegisse,
1188 2366 1326 2414 munus

329 2467 394 2529 que
425 2445 455 2515 ei
476 2445 625 2514 historiae
641 2445 788 2527 plurium
801 2446 945 2515 antium¹
961 2446 1074 2515 diurni
1098 2445 1326 2514 exscribendae

329 2567 436 2628 usque
452 2545 637 2628 imminere,
653 2553 767 2616 tamen
783 2552 857 2615 erat
872 2546 1001 2616 viribus
1017 2568 1143 2615 recens.

413 2661 537 2731 “Recte
553 2662 707 2745 statuis‚”
722 2663 889 2746 respondi.
913 2661 968 2732 “Si
983 2664 1099 2732 lumen
1115 2663 1150 2730 in
1173 2663 1325 2730 fenestra

330 2785 406 2831 mea
420 2763 554 2844 videris,
570 2763 723 2832 ascende.
735 2763 793 2832 Sin
809 2763 932 2844 minus,
947 2785 1000 2832 me
1016 2762 1215 2832 decubuisse
1231 2762 1324 2844 scito;

330 2862 357 2931 si
373 2885 455 2931 vero
469 2884 525 2931 me
540 2863 767 2944 suscitaveris,
784 2870 818 2932 te
834 2862 1015 2932 occidam.”

413 2961 545 3045 “Leges
568 2964 656 3045 pacti
682 2964 818 3046 prob0,’'
843 2964 956 3032 ridens
983 2963 1166 3045 respondit,
1181 2963 1264 3031 dum
1279 2962 1325 3031 illi

330 3062 453 3132 ostium
469 3062 580 3144 pandi.

414 3162 461 3232 Ut
476 3163 511 3230 in
526 3163 657 3232 ambitu
674 3170 837 3245 revertor,
853 3163 962 3232 Parks
975 3163 1059 3232 mihi
1076 3162 1232 3231 occurrit.

415 3261 565 3344 “Rogers
579 3263 614 3333 in
630 3265 756 3333 lectum
782 3264 945 3346 condidi,''
969 3264 1050 3332 mihi
1076 3265 1201 3332 retulit.
1225 3262 1328 3334 “Cras

331 3385 430 3432 mane
445 3363 499 3432 ille
514 3362 640 3434 iterum
655 3364 792 3433 valebit.
815 3364 890 3448 Ipse
906 3371 1021 3433 tamen
1046 3363 1147 3432 homo
1173 3365 1327 3433 curiosus

332 3465 414 3534 est„

414 3563 547 3647 “Quam
562 3563 620 3634 diu
636 3587 715 3633 eum
730 3563 864 3646 novisti,
879 3564 1027 3633 Parks?'’

414 3663 593 3749 “Quinque
608 3686 715 3733 annos
729 3665 803 3747 ipse
818 3664 910 3746 apud
926 3664 1072 3733 Vantine
1087 3665 1210 3746 exegit.
1226 3665 1327 3734 Haud

331 3764 477 3834 multum
502 3765 545 3834 de
572 3788 613 3834 eo
637 3765 722 3846 scio;
746 3773 802 3834 est
824 3765 894 3847 ipse
919 3765 1020 3833 homo
1034 3765 1245 3846 tacitumus;
1259 3788 1327 3835 non

332 3865 440 3934 multa
463 3864 627 3948 propalat,
651 3871 775 3934 cuncta
799 3886 913 3934 secum
937 3864 1099 3933 sollicitus
1132 3865 1327 3935 meditatur.

434 4085 457 4136 1.
476 4081 654 4136 Colunwllas
665 4082 1056 4148 diurnorum(ephemeridum)
1069 4082 1108 4134 sic
1121 4083 1223 4135 rectius
1236 4083 1326 4136 vocari
1398 4144 1404 4160 Ι

333 4167 463 4230 arbitron
480 4171 574 4230 unua,
588 4165 707 4219 dotium
720 4167 836 4228 ordines,
849 4167 938 4227 strias,
952 4165 1052 4232 strigas
1063 4165 1169 4227 Latine,
1181 4172 1289 4221 sonant.
