3554 5156
788 1818 939 1889 CAPUT
960 1819 1040 1888 XIII

634 2005 808 2084 Eprepius
823 2003 969 2085 quidum
985 2003 1178 2072 Salututor.

495 2187 661 2256 Posrmto
683 2186 746 2266 die,
762 2186 876 2269 paullo
891 2192 969 2269 post
983 2207 1099 2256 meum
1114 2185 1149 2255 in
1164 2185 1333 2255 officinam
1357 2185 1415 2255 ad-

410 2294 563 2368 ventum,
584 2286 794 2368 ministellus
811 2285 951 2355 solemni
978 2286 1127 2370 quodam
1152 2287 1275 2368 agendi
1302 2287 1412 2369 modo,

413 2410 434 2457 a
450 2388 545 2457 suius
560 2385 710 2456 moribus
724 2408 889 2469 perquam
905 2387 1023 2469 alieno,
1033 2385 1227 2456 schedulam
1238 2387 1321 2455 mihi
1335 2387 1417 2455 offe-

412 2488 519 2566 rebat,
535 2508 638 2569 quam
654 2508 718 2569 ego
733 2508 801 2555 non
818 2509 939 2568 parum
955 2494 1095 2568 stupens
1111 2487 1235 2569 aspexi.
1268 2487 1350 2556 Visa
1364 2490 1415 2568 ea,

413 2589 535 2670 fateor,
552 2595 587 2656 et
602 2587 684 2655 mihi
708 2587 923 2656 verecundus
949 2587 1152 2656 reverentiae
1174 2586 1275 2656 timor
1300 2587 1416 2656 subre-

414 2688 493 2770 psit,
524 2686 801 2771 quandoquidem
831 2687 964 2756 tessella
989 2708 1113 2758 nomen
1136 2686 1270 2756 ferebat
1304 2685 1420 2756 Sereni

413 2787 644 2856 Homblower.

496 2886 668 2956 Caeterum
693 2907 817 2955 nomen
841 2886 924 2955 satis
948 2886 1106 2968 ignotum
1127 2893 1357 2969 praeterquam
1372 2886 1418 2955 le·

413 2986 605 3070 gumdoctis
620 2987 801 3068 grandium
817 2986 957 3057 orientis
972 2987 1077 3057 trium
1088 2987 1235 3070 urbium,
1248 2989 1322 3056 Neo
1331 2987 1417 3056 Ebu

413 3108 553 3169 racenae,
564 3085 835 3170 Philadelphenae
845 3093 948 3169 atque
964 3087 1161 3169 Bostonciae;
1177 3108 1256 3156 nam
1272 3087 1418 3156 Serenus

414 3188 636 3257 Homblower
659 3207 836 3269 nunquam
860 3193 912 3256 est
936 3187 1080 3257 functus
1101 3187 1235 3270 publico
1263 3209 1416 3268 munere,

414 3308 591 3369 nunquam
606 3287 712 3355 verba
729 3287 860 3368 publice
875 3287 969 3369 fecit,
984 3309 1161 3369 nunquam
1184 3287 1357 3369 respondit
1372 3287 1418 3355 al·

413 3387 573 3457 locutioni
590 3387 730 3468 epulari,
745 3387 835 3456 inter
849 3387 997 3456 delectos
1011 3387 1144 3470 publice
1170 3408 1348 3470 nunquam
1368 3409 1417 3456 se·

414 3488 464 3557 dit
480 3494 648 3569 quantum
663 3494 806 3568 constat,
821 3488 941 3556 dIcam¹
953 3487 987 3554 in
996 3489 1091 3556 curia
1099 3487 1231 3570 publice
1239 3509 1417 3572 nunquam

419 3587 651 3671 pertractavit,
668 3609 845 3668 nunquam
861 3609 998 3655 causam
1013 3609 1126 3656 coram
1148 3587 1267 3656 iuratis
1277 3587 1362 3656 dixit
1377 3624 1417 3633 —

416 3711 483 3757 uno
499 3687 613 3768 verbo,
629 3709 753 3756 nomen
770 3687 843 3755 eius
856 3687 891 3755 in
905 3687 1035 3756 diurnis
1057 3709 1243 3770 nunquam,
1265 3688 1333 3756 ullo
1348 3710 1418 3756 mo-

416 3788 469 3870 do,
485 3787 648 3855 iactatum
664 3794 725 3868 est,
750 3793 785 3855 et
801 3794 915 3856 tamen
942 3796 1130 3870 proventus
1154 3787 1206 3856 sui
1232 3795 1418 3869 proventus

516 3971 539 4022 1.
558 3967 642 4032 Diua,
658 3985 702 4032 -aa,
724 3977 764 4021 est
779 3971 813 4022 lis
826 3985 916 4022 coram
928 3971 1024 4030 iudice,
1043 3971 1130 4022 dicam
1145 3971 1255 4030 inferre,
1268 3971 1312 4022 vel
1323 3970 1419 4036 impin.

420 4070 491 4120 gere,
504 4054 622 4119 aliquem
635 4054 684 4105 lite
707 4055 847 4120 prosequi;
866 4054 989 4106 Graecum
1003 4060 1051 4116 est,
1073 4055 1118 4106 sed
1140 4053 1269 4106 Romanis
1289 4055 1419 4107 iuriscon-

418 4139 499 4191 sultis
514 4137 655 4190 usitatum.
