3536 5156
389 885 454 956 234
652 896 1134 962 ursinamurrcnnoura

390 1070 517 1155 quium
532 1070 586 1143 hic
611 1093 691 1142 cum
712 1072 849 1144 decuria
869 1073 913 1144 ad
934 1071 1288 1157 comprehendendum
1309 1071 1390 1142 sica-

390 1170 479 1241 rium
503 1171 546 1242 de
569 1173 814 1244 dficacissimis
828 1173 1016 1244 rationibus
1029 1178 1202 1244 tractaret.
1217 1173 1391 1256 Inspector

389 1269 490 1355 Pigot
504 1270 548 1342 ab
563 1271 678 1343 Havre
692 1295 755 1357 per
768 1277 823 1344 Lo
838 1275 964 1345 Saooa'e
978 1280 1052 1345 erat
1066 1275 1250 1345 soluturus.

472 1389 607 1460 Interea
615 1389 776 1462 satellites
787 1390 910 1475 Grady,
921 1389 1112 1462 Simmonds
1122 1391 1218 1475 duce,
1232 1388 1389 1460 omnibus

388 1488 471 1558 enisi
486 1488 625 1573 vin'bus,
641 1490 806 1561 latebram
830 1490 970 1575 profugi
996 1491 1143 1576 reperire
1165 1491 1388 1571 conabantur;

386 1588 478 1659 unde
492 1589 599 1660 veluti
615 1591 801 1661 everriculo
816 1598 925 1662 totam
939 1591 1060 1661 urbem
1074 1591 1305 1674 irretirerunt,
1317 1611 1388 1674 ouo

386 1689 524 1772 quidem
538 1690 643 1774 aliqui
656 1690 747 1774 capti
761 1698 843 1761 sunt
857 1691 1015 1776 pisciculi,
1030 1691 1090 1762 sed
1104 1693 1159 1762 ille
1174 1713 1276 1775 quem
1287 1692 1388 1761 decu·

386 1788 436 1858 ria
448 1790 636 1873 praeprinns
650 1791 899 1876 concupiverat,
908 1791 998 1861 inter
1008 1811 1066 1862 eos
1077 1798 1233 1875 repertus
1240 1813 1309 1862 non
1324 1798 1386 1862 est.

386 1889 439 1959 Ne
454 1889 641 1972 pauxillum
655 1891 793 1975 quidem
807 1891 947 1975 profugi
961 1891 1145 1975 vestigium
1170 1892 1386 1962 enucleatum

385 1995 447 2071 est;
462 1989 492 2059 is
505 1989 711 2072 penitissime
737 1990 887 2073 evanuit,
913 1990 1005 2061 unde
1030 1990 1146 2074 Grady
1160 1998 1237 2076 post
1261 2012 1387 2074 paucos

385 2087 458 2158 dies
472 2087 612 2172 edicere,
627 2111 708 2161 eum
723 2090 798 2160 Neo
812 2090 965 2161 Eboraoo
979 2090 1169 2175 excessisse,
1194 2112 1264 2162 non
1290 2090 1386 2161 dubi·

383 2187 482 2258 tavit

465 2303 597 2377 Scilicet
611 2305 726 2390 Grady
739 2327 761 2378 a
774 2307 905 2378 diurnis
919 2307 1067 2378 multum
1081 2313 1237 2392 vexatus,
1252 2307 1296 2378 ad
1311 2329 1385 2392 pre·

383 2403 547 2475 mendum
555 2427 672 2476 casum
679 2406 805 2478 iterum
814 2407 922 2491 rediit,
931 2406 1120 2490 praesertim
1127 2408 1310 2478 lacessente
1318 2410 1384 2478 Re-

385 2504 477 2587 cord,
497 2503 557 2589 qui
571 2527 670 2578 casus
684 2506 747 2578 sibi
762 2528 866 2591 supra
879 2508 971 2577 vires
984 2508 1152 2578 humanas
1162 2529 1234 2578 esse
1249 2506 1385 2578 videba-

383 2610 452 2675 tur.
467 2603 654 2690 Singularis
668 2606 772 2678 huius
794 2607 945 2690 mysterii
968 2613 1102 2691 natura,
1126 2614 1383 2693 eventuumque

383 2703 471 2774 circa
486 2705 642 2790 eundem,
668 2713 845 2790 tamquam
870 2707 972 2778 ludus
997 2707 1164 2791 parebant
1186 2707 1383 2792 phantasiae,

380 2825 482 2887 porro
496 2805 587 2888 quod
602 2814 673 2877 tres
686 2828 825 2890 prorsus
839 2807 957 2878 eodem
970 2807 1104 2879 insolito
1118 2807 1219 2878 modo
1236 2807 1313 2878 caesi
1327 2807 1383 2878 fu·

379 2903 495 2987 issent,
510 2911 546 2976 et
561 2906 653 2990 quod
668 2907 778 2978 omnis
791 2907 910 2978 aberat
930 2907 1129 2992 hypothesis
1142 2929 1221 2993 quae
1235 2915 1307 2978 tres
1320 2929 1383 2978 cae·

379 3003 440 3075 des
453 3004 576 3074 rationi
591 3005 786 3090 perspicuas
806 3007 947 3078 reddere
973 3007 1143 3091 potuisset
1157 3043 1200 3056 -
1213 3007 1307 3078 haud
1320 3007 1382 3078 mi·

379 3125 458 3174 rum
472 3112 546 3176 erat
561 3106 651 3190 quod
667 3107 771 3177 animi
785 3107 937 3178 omnium
952 3108 1026 3178 fere
1042 3107 1077 3178 in
1091 3107 1184 3179 bunc
1198 3128 1315 3178 casum
1325 3109 1381 3178 fu·

380 3210 483 3274 erunt
498 3203 608 3276 defixi
631 3205 793 3277 Omnium
807 3227 904 3290 paene
930 3205 1109 3278 civitatum
1134 3213 1276 3291 agentes
1300 3206 1381 3278 feri·

379 3303 471 3374 atici¹
496 3325 559 3376 sua
583 3305 756 3377 habebant
770 3306 981 3377 theoremata
1005 3307 1105 3378 alicui
1128 3307 1207 3378 usui
1231 3313 1314 3391 apta
1338 3342 1379 3353 -

378 3424 525 3487 quorum
539 3406 701 3490 pleraque
715 3406 836 3490 utique
850 3429 872 3478 a
885 3406 1080 3490 longissimo
1095 3414 1193 3478 erant
1207 3406 1333 3491 petita!

461 3503 513 3574 Ea
526 3511 730 3590 tempestate
745 3506 860 3589 Grady
873 3507 1017 3590 grandia
1030 3528 1070 3577 ac
1084 3507 1165 3576 fusa
1179 3507 1283 3577 edidit
1298 3507 1380 3578 effa·

377 3607 415 3672 ta
429 3602 472 3673 de
486 3603 557 3676 suis
571 3605 716 3676 consiliis
730 3605 1003 3690 molimentisque
1017 3605 1273 3677 malefactorem
1289 3606 1377 3691 capi·

376 3703 474 3786 endi;
494 3704 628 3776 factum
643 3711 759 3777 tamen
774 3727 879 3790 quarn
892 3705 1000 3777 verba
1013 3705 1198 3778 facundius
1211 3707 1377 3791 probabat

476 3932 699 4000 amrinum,
716 3949 757 4000 -a,
773 3951 846 4001 mm,
862 3937 933 4004 quod
958 3937 1045 4000 feriis,
1071 3937 1098 3991 h.
1124 3953 1149 3991 e.
1171 3951 1228 3990 non
1254 3937 1376 4004 qnotidie

375 4019 416 4080 dt,
427 4018 527 4086 agitru,
539 4019 692 4082 adhibetur,
709 4019 842 4082 homines,
855 4021 974 4083 lictores,
991 4021 1131 4082 satellites,
1153 4021 1308 4088 quicunque
1319 4021 1376 4084 alil,

373 4117 488 4170 quorum
499 4103 612 4156 nomina
624 4103 654 4155 in
665 4103 780 4156 elencho
793 4103 899 4157 servitii
911 4105 1074 4166 retinentur,
1099 4105 1265 4158 invocantur
1281 4111 1373 4158 autem

372 4199 458 4252 quum
469 4201 563 4240 eorum
575 4201 657 4254 opera
666 4193 758 4255 egent.
