3502 5158
664 897 995 954 PRIMATRAGOEDIA
1287 885 1328 954 19

411 1067 620 1152 Goldberger
635 1067 725 1151 cepit
739 1069 919 1152 pagellam,
933 1067 1075 1151 aspexit,
1089 1074 1165 1137 turn
1176 1067 1326 1138 adstanti

327 1167 518 1238 Simmonds
539 1167 699 1251 porrexit.

411 1266 470 1336 “Id
485 1267 578 1336 haud
592 1269 739 1337 multum
754 1267 898 1350 prodit,''
912 1267 960 1338 ait
975 1266 1039 1350 hic,
1053 1267 1227 1351 traditque
1238 1267 1327 1340 God-

328 1369 414 1451 frey.
452 1367 527 1450 Ego
556 1374 652 1437 nans
679 1367 863 1437 humerum
887 1367 962 1438 eius
976 1366 1101 1450 aspexi,
1126 1367 1265 1452 vidique
1290 1369 1326 1439 in

326 1467 481 1538 chartula
495 1467 587 1537 hunc
601 1489 712 1537 unum
726 1467 933 1537 versiculum
948 1489 1022 1537 esse
1036 1467 1199 1538 incisum:

589 1685 625 1738 M.
645 1677 852 1738 THEOPHILE
869 1683 1066 1738 D'AURELLE

411 1868 506 1938 “Nisi
521 1868 612 1951 quod
629 1867 782 1939 Francus
796 1877 858 1949 est,
884 1875 925 1938 ut
947 1867 1056 1938 Parks
1078 1869 1256 1952 prodidit,’'
1279 1871 1328 1941 in·

326 1969 402 2051 quit
418 1967 579 2050 Godfrey.
602 1967 662 2037 “Id
678 1969 732 2037 vel
748 1967 791 2037 de
806 1966 1005 2038 vestimenti
1027 1968 1241 2040 lineamentis
1263 1971 1329 2040 cla·

326 2089 404 2138 rum
420 2067 504 2138 est.”

410 2166 543 2250 “AEque
558 2187 597 2236 ac
612 2167 654 2237 de
669 2167 771 2236 modo
785 2175 936 2237 tonsurae
950 2167 1125 2250 crinium,'’
1150 2167 1328 2253 subiungit

327 2268 545 2352 Goldberger.
568 2266 692 2336 “Aisne
706 2275 757 2349 tu,
773 2267 819 2336 mi
833 2267 924 2337 Here
939 2267 1097 2350 Vantine,
1111 2274 1147 2337 te
1161 2290 1241 2338 eum
1257 2291 1326 2340 non

327 2367 503 2438 novisse?”

400 2467 520 2550 “Eum
534 2474 703 2550 quantum
716 2467 850 2550 sciam,”
863 2466 1036 2551 respondit
1046 2467 1205 2550 Vantine,
1221 2467 1327 2540 “nun-

325 2589 430 2651 quam
444 2567 771 2650 antehacconspexi.
804 2566 940 2636 Nomen
963 2567 1046 2636 mihi
1072 2566 1209 2650 penitus
1232 2569 1327 2652 igno

326 2674 401 2737 tum
417 2667 500 2736 est.''

409 2766 530 2848 “Tum,
545 2765 681 2850 igitur,''
696 2766 793 2836 tatur
808 2765 1027 2850 Goldberger,
1042 2769 1168 2840 iterum
1178 2779 1326 2854 recepta,

326 2869 528 2951 saeculoque
543 2865 721 2936 commissa
734 2866 901 2948 chartula,
924 2865 1077 2937 “iuvabit
1101 2869 1247 2941 fortasse
1272 2893 1325 2942 ca·

326 2967 432 3037 daver
457 2967 492 3036 in
518 2965 702 3049 grabatum
724 2965 903 3037 sublevare
926 2987 1030 3050 prope
1054 2968 1097 3037 ad
1127 2969 1326 3053 fenestram,

325 3073 558 3150 contentaque
572 3066 786 3136 sacculorum
800 3065 950 3135 videre.’'
1073 3109 1076 3116 ·

408 3166 521 3236 Homo
536 3165 722 3248 gracilioris
736 3172 812 3235 erat
826 3172 980 3250 staturae,
995 3167 1044 3237 ita
1068 3176 1110 3238 ut
1134 3168 1327 3240 Simmonds

324 3275 360 3336 ct
376 3265 587 3348 Goldberger
601 3266 673 3348 soli,
688 3265 760 3335 sine
776 3265 900 3348 labore,
924 3266 1093 3350 tollerent,
1119 3275 1154 3338 et
1180 3270 1326 3352 grabato

325 3367 549 3450 imponerent.
564 3365 642 3435 Vidi
657 3366 788 3436 interea
814 3365 966 3448 Godirey
980 3387 1041 3450 per
1056 3368 1168 3437 locum
1183 3369 1217 3438 in
1233 3375 1326 3453 tape-

325 3473 362 3535 ta
377 3465 622 3535 vacuefactum
636 3464 926 3548 circumspectare.

409 3565 547 3636 “Unum
560 3565 751 3648 praesertim
767 3565 851 3636 scire
866 3568 1058 3650 cuperem,”
1084 3568 1133 3638 ait
1158 3576 1234 3652 post
1255 3589 1326 3639 mo

326 3687 409 3747 ram,
425 3665 473 3734 “si
487 3665 659 3736 homullus
679 3665 735 3735 hic
757 3687 929 3737 venenum
955 3667 1110 3751 sumpsit,
1136 3689 1285 3751 quonam
1305 3689 1326 3738 e

325 3767 465 3835 vasculo
479 3765 513 3834 id
528 3765 671 3836 iecerit?
692 3765 840 3836 Ubinam
855 3775 907 3836 est
923 3767 1032 3848 theca,
1048 3773 1111 3837 aut
1125 3767 1247 3852 phiala,
1263 3777 1326 3839 aut

325 3865 408 3948 quid
423 3865 559 3936 aliud'l''

409 3965 491 4034 “Est
516 3965 663 4034 fumasse
687 3967 722 4034 in
749 3965 892 4048 palmo,'’
918 3973 1019 4049 putat
1044 3966 1245 4050 Simmonds,
1270 3967 1327 4038 de·

324 4072 505 4234 {tamque
520 4064 594 4135 eius
608 4065 778 4146 sublevat,
792 4086 871 4147 quae
886 4065 930 4135 ad
944 4066 1035 4136 latus
1048 4065 1184 4150 grabati
1199 4066 1326 4150 depen-

347 4186 367 4233 e
413 4172 437 4233 t.
