3500 5158
419 885 483 952 318
680 899 889 954 xxsrsniun
911 901 1021 954 Anca
1042 894 1161 955 nouos

504 1067 667 1136 Attamen
682 1067 770 1137 binis
794 1075 870 1150 post
885 1067 1081 1150 septimanis
1095 1067 1219 1137 litterae
1234 1065 1421 1149 inscriptio

421 1166 473 1234 nis
489 1167 638 1236 unciales
653 1167 733 1236 mihi
750 1189 870 1238 revera
884 1168 948 1237 sub
964 1168 1078 1237 oculos
1092 1166 1305 1238 ceciderunt:

422 1417 701 1487 ADAMANTES
728 1418 1099 1488 MICHAELOVITCH
1121 1417 1422 1488 ADULTERINI!

556 1535 670 1588 AGENS
688 1533 887 1589 FRANCICUS
904 1537 951 1588 EX
968 1536 1124 1588 AMERICA
1142 1535 1287 1590 GEMMAS
1385 1575 1390 1584 .

717 1636 965 1690 ADULTERINAS
983 1635 1121 1689 REFERT

556 1749 647 1790 annus
659 1749 785 1789 amnena
799 1749 849 1790 mx
860 1749 942 1797 ouum
956 1749 1075 1790 uacuus
1088 1748 1148 1788 nux
1161 1747 1288 1789 mennae

447 1837 615 1889 adamantes
632 1837 723 1889 denuo
741 1837 813 1889 Auro
831 1836 1049 1902 complectendas
1062 1836 1095 1889 ad
1108 1835 1292 1890 Gemmarium
1309 1835 1406 1890 mittit.

506 2072 602 2155 Opus
615 2071 708 2140 haud
723 2093 795 2140 esse
818 2071 1054 2141 existimabam
1080 2071 1262 2142 articulum
1288 2071 1347 2154 qui
1372 2093 1422 2140 se-

423 2172 594 2255 quebatur
608 2173 731 2254 legere,
747 2170 815 2240 vidi
832 2171 922 2241 enim
936 2170 1006 2241 ictu
1023 2173 1112 2241 oculi
1132 2171 1215 2255 quid
1240 2171 1420 2242 evenisset.

423 2271 506 2340 Inde
515 2271 618 2341 etiam
630 2271 780 2340 intellexi
794 2292 900 2354 quare
912 2271 1081 2341 Crochard
1092 2293 1247 2354 gemmas
1261 2270 1421 2341 adulteri·

422 2393 485 2441 nas
499 2379 732 2441 conservasset
747 2407 787 2416 -
802 2393 905 2441 usum
921 2371 1011 2440 enim
1023 2393 1141 2441 earum
1153 2379 1321 2454 capturus
1335 2377 1420 2440 erat.

425 2472 491 2541 Ubi
507 2478 623 2540 tamen
637 2479 672 2540 et
686 2471 824 2554 quando
845 2471 1067 2540 commutatio
1082 2471 1176 2542 tacta
1190 2471 1244 2554 sit,
1267 2471 1421 2541 divinare

424 2578 561 2641 tantum
576 2592 674 2653 queo;
690 2593 799 2640 unum
821 2578 937 2640 tamen
962 2578 1096 2640 certum
1119 2593 1193 2641 esse
1209 2571 1320 2641 debet:
1342 2569 1421 2640 duae

424 2671 623 2754 septimanae
637 2693 659 2740 a
674 2678 827 2754 tempore
853 2671 940 2740 furti
955 2671 1037 2740 satis
1052 2677 1150 2740 erant
1165 2671 1225 2741 otii
1241 2692 1310 2754 quo
1335 2691 1420 2755 prae-

423 2772 502 2841 dam
517 2771 587 2854 ipse
602 2771 786 2841 divendere
801 2778 924 2853 posset.
940 2769 1073 2840 Sortem
1088 2771 1205 2854 Magni
1232 2771 1336 2841 Ducis
1360 2769 1422 2839 mi·

424 2879 536 2941 sertus
551 2893 637 2952 sum;
653 2872 756 2940 etiam
778 2871 887 2954 magis
917 2870 1007 2940 dolui
1036 2870 1146 2940 vicem
1176 2870 1421 2953 praeclarissimi

423 2970 497 3040 heri
513 2971 622 3053 Pigot;
638 2971 742 3040 nihilo
758 2978 873 3040 tamen
889 2970 998 3040 secius
1012 2971 1090 3054 quis
1104 2993 1173 3040 non
1188 2971 1372 3041 miraretur
1386 2992 1421 3041 a·

424 3071 612 3141 lacritatem
627 3078 663 3140 et
678 3071 912 3153 pernicitatem
927 3071 1073 3140 hominis
1087 3070 1146 3154 qui
1172 3071 1235 3141 hos
1259 3070 1422 3155 spoliave-

424 3173 508 3242 rat?
531 3171 679 3240 Mirabar
693 3171 769 3253 quis
784 3171 931 3240 Mazarin
948 3171 1093 3240 emisset.
1110 3172 1143 3240 ls
1164 3177 1255 3240 certe
1281 3172 1422 3241 adamas

424 3270 567 3340 venditu
584 3271 800 3341 difficillimus
814 3271 893 3340 tuit.
919 3271 1058 3340 Poterat
1072 3271 1192 3354 utique
1204 3271 1239 3340 in
1249 3272 1363 3341 frusta
1373 3293 1423 3341 se·

424 3370 493 3440 cari
508 3406 549 3415 —
564 3392 687 3440 verum
702 3371 766 3439 hoc
781 3370 995 3454 sacrilegium
1008 3371 1171 3440 futurum
1187 3379 1261 3440 erat
1274 3371 1282 3440 l

508 3471 693 3551 Quaestioni
710 3478 825 3540 tamen
840 3470 922 3541 huic
937 3471 1049 3553 paullo
1064 3477 1141 3554 post
1156 3491 1356 3554 responsum
1371 3479 1423 3541 est

424 3571 589 3653 singulari
604 3571 752 3653 quodam
768 3571 921 3640 modo-
932 3570 991 3640 tali
1005 3592 1128 3654 nempe
1144 3577 1185 3641 ut
1198 3592 1239 3641 eo
1252 3570 1423 3641 narrando

425 3669 562 3753 plurimi
577 3670 778 3739 diurnorum
808 3677 906 3740 antes
935 3671 1163 3754 explerentur,
1192 3692 1422 3754 magnamque

425 3770 636 3852 voluptatem
659 3772 765 3853 vulgo
795 3770 966 3852 Francico,
988 3769 1164 3840 comoediae
1192 3771 1424 3840 amantissimo

425 3869 575 3952 afferret,
589 3869 715 3952 quique
730 3870 837 3939 nostri
849 3869 1019 3939 Crochard
1029 3871 1159 3940 famam
1170 3869 1297 3940 mirum
1308 3870 1343 3939 in
1354 3891 1424 3940 mo-

425 3968 508 4038 dum
523 3977 665 4052 augeret
681 3977 716 4038 et
731 3969 947 4040 diffunderet.
964 3969 1118 4053 Quodam
1143 3991 1243 4039 mane
1265 3969 1301 4039 in
1326 3971 1425 4040 novis

425 4070 658 4152 personalibus
671 4069 784 4140 diurni
801 4073 850 4140 Le
865 4071 986 4140 Matio
1000 4069 1122 4140 notitia
1136 4070 1228 4140 edita
1242 4076 1317 4142 erat
1331 4070 1424 4142 hunc

425 4169 714 4240 tereinmodum:
1348 4195 1351 4201 ·
