3502 5158
810 1883 961 1955 CAPUT
980 1884 1028 1955 VI

753 2070 887 2139 Mulier
899 2071 940 2139 in
957 2071 1084 2140 Causa.

503 2254 573 2323 IAM
594 2252 716 2323 Cenem
737 2252 888 2336 prodire;
910 2260 1080 2323 secretum
1107 2253 1294 2336 quamlibet
1317 2254 1420 2324 sordi-

420 2354 514 2436 dum,
530 2353 687 2436 quamvis
702 2359 814 2436 turpe,
830 2353 1053 2423 revelandum
1068 2358 1153 2423 erat.
1185 2353 1262 2424 Vidi
1280 2356 1418 2425 vultum

419 2453 534 2534 Grady
556 2453 665 2523 torvis
689 2451 901 2522 lineamentis
928 2452 1170 2536 compositum;
1200 2454 1319 2524 audire
1344 2460 1419 2524 erat

418 2553 578 2623 fremitus
590 2559 803 2636 caeterorum,
816 2558 857 2622 ut
867 2551 1027 2622 audirent
1038 2574 1195 2636 prorsum
1205 2553 1417 2624 enitentium.

501 2669 616 2752 Grady
631 2691 651 2738 e
665 2671 798 2739 sacculo
812 2670 1006 2753 lagenulam
1021 2669 1172 2753 protulit,
1184 2691 1328 2753 eamque
1341 2692 1419 2754 ape-

417 2773 498 2842 ruit.

499 2885 622 2957 “Sume
636 2886 682 2956 sis
695 2886 857 2956 haustum
872 2909 915 2956 ex
930 2886 1023 2970 hoc,''
1040 2886 1169 2957 affatur
1180 2886 1319 2970 Rogers,
1330 2909 1419 2956 eam-

416 3009 484 3072 que
499 2987 545 3057 illi
560 2987 596 3056 in
611 3007 735 3056 manus
748 2986 863 3056 tradit.

498 3103 587 3174 Satis
601 3103 691 3172 clare
705 3103 822 3173 audivi
836 3103 1030 3186 lagenulam
1053 3102 1213 3173 dentibus
1227 3102 1300 3172 eius
1315 3102 1415 3186 allidi,

415 3211 456 3275 ut
470 3226 547 3274 eam
561 3203 613 3272 ori
627 3224 689 3272 suo
704 3203 804 3272 avide
818 3203 991 3286 applicuit,
1006 3209 1111 3285 atque
1124 3209 1241 3272 ternos
1256 3210 1319 3274 aut
1333 3224 1416 3286 qua·

415 3311 531 3374 ternos
544 3302 689 3386 sumpsit
705 3302 859 3372 haustus.

498 3419 663 3503 “Gratias,
678 3419 725 3488 mi
740 3420 862 3503 Here,’'
876 3419 994 3490 retulit
1020 3420 1151 3502 Rogers
1173 3419 1256 3489 dum
1278 3419 1418 3502 lagenu·

414 3522 481 3591 lam
496 3520 632 3589 domino
660 3519 821 3589 restituit.
843 3519 969 3590 Vultus
984 3519 1197 3602 aliquantum
1222 3519 1342 3589 coloris
1367 3518 1417 3589 in·

414 3621 520 3690 duere
534 3621 658 3702 coepit;
691 3619 963 3690 animadvertere
986 3626 1102 3689 tamen
1125 3618 1289 3703 putabam
1312 3619 1416 3689 alium

413 3720 514 3790 modo
527 3720 562 3788 in
578 3719 683 3789 oculis
708 3719 782 3788 eius
807 3740 880 3788 esse
905 3719 1066 3789 obtutum
1090 3755 1132 3764 -
1157 3739 1238 3787 nam
1253 3719 1415 3788 inlocum

412 3820 560 3890 horroris
575 3819 677 3888 timor
690 3819 860 3890 successit.

494 3935 635 4006 Interim
651 3934 766 4018 Grady
781 3935 956 4018 capsulam
972 3935 1088 4005 orificii
1103 3937 1270 4019 lagenulae
1283 3955 1360 4004 non
1375 3935 1417 4004 si·

412 4058 456 4106 ne
470 4057 596 4119 magna
611 4056 694 4105 cura
708 4035 907 4105 cochleatim
921 4035 1066 4118 intorsit,
1088 4035 1264 4120 ipsamque
1279 4036 1412 4105 sacculo

413 4135 608 4206 recondidit.
631 4135 762 4217 Rogers
775 4142 891 4205 tamen
906 4143 979 4205 toto
994 4136 1057 4205 hoc
1076 4141 1228 4218 tempore
1243 4157 1324 4205 eum
1339 4135 1415 4206 fur·
