3554 5156
425 907 487 978 130
685 924 899 980 nrsrrmun
920 919 1167 981 mensuum

509 1089 674 1162 “Factum
682 1093 766 1176 est,”
777 1093 834 1164 eit
846 1092 1153 1165 “Simmondsduos
1167 1116 1209 1164 ex
1224 1094 1360 1178 optimis
1374 1115 1429 1164 su·

425 1191 455 1262 is
469 1191 596 1276 delegit
610 1192 654 1263 ad
668 1193 756 1264 hene
770 1193 910 1264 domum
924 1194 1212 1265 custodiendam.”
1234 1195 1348 1265 Pauca
1358 1216 1428 1265 mo-

425 1300 543 1362 menta
552 1299 647 1363 stans
653 1292 885 1364 demirabutur
893 1315 1017 1365 arcem.
1027 1293 1131 1366 “Cras
1145 1316 1246 1365 mane
1259 1294 1375 1364 redibo
1384 1293 1428 1364 ad

425 1392 551 1463 iterum
567 1393 803 1476 tentandum,”
817 1395 1048 1478 prosequitur;
1061 1393 1219 1464 “interim
1233 1394 1428 1464 manutium

425 1493 683 1576 cataphracten
697 1495 732 1562 in
748 1493 829 1564 sella
844 1493 974 1578 reliqui,
993 1495 1022 1564 si
1036 1496 1182 1566 sonasse
1198 1495 1335 1578 tuipse,
1351 1495 1429 1564 les-

426 1600 490 1675 ter,
504 1599 639 1663 tentare
653 1594 758 1664 velles
774 1647 782 1662 .
799 1649 806 1664 .
824 1595 854 1664 .''

510 1707 585 1780 “Dii
606 1709 785 1780 meliora!”
807 1709 1012 1781 obtestabar.
1046 1710 1209 1781 “Interim
1237 1711 1344 1780 satius
1364 1711 1430 1780 erit

426 1809 535 1880 Parks
548 1810 590 1881 de
606 1818 667 1881 tuo
681 1810 835 1881 adventu
849 1810 1000 1895 edocere,
1015 1819 1057 1883 ut
1069 1819 1104 1882 te
1118 1811 1336 1883 intromittat.
1358 1810 1428 1880 Fu·

426 1917 544 1980 turum
559 1931 658 1994 spero
673 1917 773 1994 otte,
788 1911 951 1994 Godfrey,
964 1933 1034 1982 non
1049 1912 1197 1982 cadaver
1221 1912 1276 1983 hic
1301 1917 1431 1995 postra-

425 2016 503 2080 tum
517 2009 689 2080 inveniam
699 2009 728 2078 !”

510 2125 625 2198 “Idem
639 2133 676 2197 et
690 2125 773 2211 ego!
795 2127 873 2198 Non
899 2133 1015 2198 tamen
1030 2127 1064 2198 id
1078 2129 1239 2199 futurum
1260 2135 1429 2213 exspecto.

426 2227 530 2298 Recte
553 2249 689 2310 monem
721 2227 776 2298 die
801 2227 918 2309 Parks,
943 2227 1051 2311 sodes,
1066 2235 1107 2299 ut
1120 2251 1187 2312 me,
1209 2228 1428 2313 quandocun-

426 2348 494 2411 que
507 2349 644 2412 vencro,
659 2327 876 2398 intromittat
899 2326 1001 2398 Nunc
1016 2349 1100 2398 vero
1114 2329 1157 2400 de
1170 2329 1331 2413 Rogers”

511 2425 622 2512 “Quid
636 2427 679 2498 de
695 2427 781 2498 eo?'’

510 2543 616 2614 “Rem
645 2567 780 2615 mecum
804 2545 1044 2628 perpendendo
1070 2546 1180 2629 reperi
1204 2546 1365 2630 expedire
1388 2551 1431 2616 ut

427 2665 508 2715 eum
521 2645 586 2714 hec
600 2665 743 2728 vespera
757 2645 1003 2728 quaestionibus
1017 2667 1170 2729 urgeam.
1200 2645 1267 2716 Sed
1282 2646 1429 2716 fortasse

427 2743 604 2828 prestabit
617 2743 725 2814 donec
738 2745 839 2828 plura
860 2766 1062 2828 congessero
1086 2745 1315 2828 exspectare.”
1347 2745 1430 2816 Post

427 2843 567 2914 brevem
581 2844 625 2915 ad
640 2843 860 2927 cogitandum
883 2865 1025 2928 morem,
1053 2844 1107 2914 “id
1128 2844 1285 2927 faciam,''
1309 2845 1431 2929 inquit,

427 2941 659 3027 “exspectabo
682 2943 737 3014 Ne
752 2965 872 3026 errem,
889 2966 1067 3028 perperam
1081 2943 1164 3014 nihil
1179 2944 1336 3015 faciam.”

511 3060 640 3131 Deinde
655 3082 726 3130 una
745 3061 781 3130 in
802 3061 971 3132 ambitum
995 3061 1216 3144 prodivimus,
1242 3061 1429 3146 monuique

426 3160 534 3231 Purks
549 3167 589 3232 ut
604 3159 764 3244 Godtrey,
780 3160 1053 3244 quandocunque
1069 3161 1210 3232 domum
1219 3162 1349 3232 intrare
1359 3163 1431 3232 vel·

426 3261 484 3344 let,
499 3260 707 3331 admitteret.
722 3247 853 3344 Rog'ers
868 3261 1027 3344 usquein
1042 3262 1176 3331 carnule
1190 3261 1332 3332 sedebat
1346 3261 1431 3332 adeo

426 3367 569 3431 moestus
584 3382 623 3430 ac
638 3360 799 3443 deiectus,
815 3367 854 3431 ut
869 3360 943 3431 eius
957 3360 1218 3432 miserescerem.
1229 3362 1369 3432 Interim
1379 3383 1432 3432 re-

426 3459 579 3544 putando
593 3481 728 3530 mecum
742 3460 932 3544 perspicere
947 3460 1035 3544 coepi
1055 3467 1092 3530 et
1112 3469 1309 3544 exspectare
1332 3462 1430 3531 tutu-

426 3582 514 3643 rum,
530 3566 571 3630 ut
586 3558 726 3643 Rogcrs,
742 3559 907 3643 quidquid
921 3558 965 3629 ab
990 3581 1031 3630 eo
1056 3560 1179 3630 rescire
1204 3561 1379 3644 vellemus,
1401 3560 1429 3632 si

425 3660 527 3731 modo
540 3659 644 3730 unius
658 3659 724 3730 diei
739 3667 801 3730 aut
815 3659 964 3730 duorum
978 3681 1109 3730 moram
1122 3661 1426 3744 interponeremus,

428 3759 513 3930 guin
527 3781 690 3931 arginus
705 3779 768 3830 sua
781 3767 901 3844 sponte
916 3762 1074 3832 fassurus
1094 3768 1193 3844 esset,
1208 3760 1319 3844 dordd
1334 3782 1356 3831 a
1369 3782 1432 3831 no-

454 3858 530 3930 isce
617 3866 642 3930 t.

510 3975 607 4047 Hane
621 3997 733 4048 meam
748 3977 952 4048 sententiam
980 3999 1043 4061 per
1068 3977 1197 4062 gradus
1221 3977 1429 4050 descendens

426 4076 578 4160 Godfrey
593 4076 722 4162 aperui.

509 4191 634 4269 “Recte
656 4193 802 4270 fortasse
825 4216 867 4270 ee
892 4193 934 4268 de
957 4215 994 4270 re
1016 4192 1152 4283 sentis,”
1179 4193 1326 4283 putebat
1345 4195 1429 4280 ipse.
