3502 5158
663 922 789 977 uanus
811 923 1031 978 vuunnmm
1302 910 1344 980 35

346 1113 440 1173 voce,
465 1089 549 1161 dum
575 1113 693 1160 ansam
719 1091 796 1162 ostii
820 1099 942 1162 tenens
955 1093 1125 1177 paulisper
1139 1094 1345 1178 morabatur,

347 1191 494 1262 “nullam
509 1191 596 1262 circa
611 1191 875 1275 praestinandam
898 1193 989 1262 illam
1004 1215 1065 1277 pro
1080 1215 1136 1263 me
1150 1217 1264 1264 arcam
1279 1201 1345 1264 ter·

346 1293 608 1376 giversationem
623 1293 830 1362 intercedere
848 1293 981 1363 debere.
997 1294 1080 1364 Mihi
1101 1317 1177 1364 eam
1197 1295 1281 1378 eripi
1301 1318 1345 1366 ne

346 1393 473 1462 siveris.
496 1391 656 1462 Omnium
671 1393 816 1462 maxime
832 1394 918 1464 serio
933 1394 1083 1476 loquor.''

429 1491 535 1562 “Eam
550 1493 612 1565 tibi
627 1493 710 1576 eripi
724 1515 793 1564 non
809 1494 947 1578 sinam,'’
963 1494 1144 1579 pollicebar
1164 1495 1220 1565 illi.
1243 1493 1345 1566 “For-

345 1602 435 1665 tasse
451 1595 554 1665 etiam
568 1594 718 1678 proderit
743 1616 799 1664 me
824 1617 894 1665 non
918 1594 1003 1665 adeo
1027 1601 1166 1679 captum
1181 1617 1222 1666 ea
1235 1618 1272 1666 re
1287 1597 1343 1667 fu·

344 1695 439 1764 Issa„

428 1793 601 1864 “Primum
617 1816 720 1878 quam
734 1794 922 1878 quidquam
942 1795 1023 1865 novi
1046 1796 1135 1866 circa
1159 1795 1247 1867 banc
1267 1818 1341 1866 rem

346 1895 530 1978 resciveris,
559 1895 616 1966 fac
645 1917 701 1965 me
737 1895 823 1964 illico
854 1895 1064 1978 certiorem,”
1088 1896 1212 1980 quibus
1247 1897 1346 1967 dictis

345 1997 470 2067 ostium
486 2017 616 2080 prome
631 1995 759 2079 pandit.

428 2097 581 2167 Primum
595 2096 738 2179 pedibus
753 2095 835 2164 mihi
849 2095 989 2167 domum
1004 2097 1053 2167 ire
1067 2097 1103 2167 in
1117 2097 1231 2167 animo
1252 2097 1340 2180 fuit;

345 2197 404 2267 sed
419 2218 528 2280 quum
543 2197 578 2266 in
594 2198 746 2266 Plateam
761 2197 917 2266 diversus
942 2219 1079 2267 sursum
1104 2197 1278 2268 ambulare
1293 2198 1342 2267 in·

344 2298 501 2381 ciperem,
516 2319 600 2381 grex
615 2297 698 2366 mihi
713 2297 849 2367 obviam
872 2299 986 2368 factus
1011 2305 1064 2367 est
1087 2299 1279 2382 puellarum
1299 2321 1342 2368 ex

344 2398 484 2469 officinis
508 2398 687 2468 fabrilibus
715 2398 913 2481 effusarum,
943 2420 1022 2482 quae
1050 2399 1086 2469 in
1114 2399 1237 2469 vicinia
1265 2399 1340 2469 sitae

344 2506 450 2570 erant.
466 2499 689 2582 Aliquantum
703 2499 868 2568 obluctari
883 2499 1024 2581 tentavi,
1039 2505 1210 2583 postremo
1224 2505 1340 2569 tamen

343 2606 432 2670 nutu
446 2600 613 2682 pilentum
627 2598 839 2668 meritorium
866 2599 1036 2682 accersivi,
1052 2605 1087 2669 et
1102 2621 1182 2669 mox
1197 2599 1341 2682 suspirio

344 2699 556 2769 allevationis
570 2697 684 2780 duct0,
699 2699 734 2768 in
751 2699 921 2780 pulvinari
936 2699 1106 2769 reclinavi.
1128 2701 1201 2768 Iam
1215 2699 1341 2781 gaudio

343 2800 425 2868 mihi
438 2800 507 2870 fuit
521 2800 577 2869 vel
592 2822 611 2869 e
627 2799 727 2868 domo
742 2799 889 2868 Vantine
905 2800 1069 2870 evasisse:
1101 2799 1227 2882 aliquid
1249 2799 1339 2868 enim

343 2899 389 2969 ibi
403 2899 556 2968 animum
570 2898 653 2967 mihi
668 2898 830 2968 obrutum
855 2898 1005 2982 tenebat,
1020 2906 1055 2968 et
1070 2899 1255 2969 universim
1270 2922 1343 2969 ma·

343 3001 373 3069 le
387 3021 442 3068 me
457 2997 572 3068 habui.
594 2998 698 3067 Miror
713 3005 831 3067 utrum
856 2999 1005 3068 Vantine
1030 2999 1167 3082 penitus
1192 3000 1282 3083 apud
1304 3020 1340 3069 se

342 3099 458 3168 fuerit.
480 3097 642 3168 Potestne
668 3097 849 3180 quisquam
875 3099 927 3168 sui
942 3121 1015 3168 esse
1030 3120 1177 3182 compos,
1192 3099 1251 3182 qui
1266 3121 1342 3168 cen-

343 3206 418 3268 tum
433 3197 537 3267 millia
562 3197 772 3267 centussium
797 3196 841 3267 ad
866 3199 1135 3281 praestinandum
1150 3199 1340 3268 frustulum

341 3297 552 3382 supellectilis
566 3319 707 3381 erogare
720 3319 788 3366 non
804 3298 953 3368 dubitet?
961 3299 1154 3369 Praesertim
1164 3299 1265 3369 homo
1280 3299 1340 3384 qui

342 3405 478 3468 tantum
494 3398 708 3480 dispendium
723 3419 823 3481 aequo
837 3399 950 3468 animo
964 3401 1025 3469 vix
1037 3401 1129 3470 ferre
1140 3400 1254 3484 possit.
1267 3399 1340 3470 Sta·

342 3506 417 3568 tum
433 3506 468 3568 et
483 3498 756 3580 magnitudinem
777 3499 826 3568 rei
846 3499 1023 3570 familiaris
1037 3500 1186 3570 Vantine
1200 3522 1340 3584 prorsus

342 3605 555 3682 perspectam
570 3598 691 3680 habui;
713 3605 751 3668 at
763 3606 903 3668 centum
917 3600 1020 3670 millia
1033 3598 1182 3670 reditum
1196 3600 1269 3670 eius
1283 3622 1342 3670 an·

341 3721 451 3768 nuum
467 3706 727 3782 superaverunt.
747 3700 838 3768 'lum
852 3699 956 3769 etiam
970 3721 1105 3770 mecum
1119 3699 1251 3770 subrisi.
1266 3701 1341 3771 Uti·

342 3820 409 3883 que
423 3799 581 3882 Vantine,
597 3821 705 3882 quum
730 3819 788 3868 eos
812 3805 983 3870 extremos
1004 3800 1129 3870 limites
1150 3800 1339 3883 erogationi

341 3899 473 3981 statuit,
487 3899 663 3969 iocabatur
677 3900 797 3968 solum.
828 3899 917 3970 Arca
931 3921 1002 3970 una
1015 3899 1146 3970 decima
1160 3899 1234 3971 eius
1248 3921 1339 3970 sum·

341 4020 408 4068 mae
422 3999 613 4082 praestinari
628 4005 772 4082 poterat,
787 3998 831 4068 ad
845 4021 1027 4069 summum.
1063 4001 1109 4070 Et
1128 4021 1238 4083 usque
1253 4000 1339 4070 ride

342 4099 420 4168 bam
434 4121 544 4182 quum
558 4099 684 4183 pilento
709 4120 867 4182 egressus
892 4099 1048 4184 aurigam
1073 4100 1211 4183 exsolvi,
1236 4098 1336 4170 etad

341 4198 536 4270 cubiculum
549 4220 666 4270 meum
680 4199 825 4269 ascendi.
