3536 5156
780 866 965 922 durueruu
1309 853 1372 926 215

450 1033 580 1106 ‘'Eccur
595 1034 726 1105 iacebat
739 1035 804 1106 illic
819 1035 971 1106 Armand
992 1043 1064 1107 tam
1089 1036 1247 1120 quiete?”
1275 1036 1368 1108 deni·

368 1155 436 1216 que
450 1136 580 1218 rogavi.
602 1135 747 1205 “Fuitne
763 1135 943 1206 saucius?”

448 1235 598 1318 Godtrey
614 1237 679 1305 leni
695 1244 791 1305 motu
807 1258 912 1307 comu
925 1236 1105 1308 indicabat.

450 1334 497 1418 “1,
511 1337 589 1405 vide
603 1344 644 1406 tu
659 1337 762 1420 ipse‚''
777 1337 961 1420 respondit

448 1454 585 1537 Aliquid
600 1453 697 1524 iuxta
712 1455 876 1537 parietem
888 1454 1019 1524 iacebat
1030 1477 1071 1524 eo
1084 1455 1119 1525 in
1134 1455 1207 1525 loco
1221 1456 1280 1527 ubi
1292 1478 1368 1528 earn

367 1553 516 1634 liguram
530 1554 692 1636 videram,
716 1561 751 1623 et
775 1562 817 1622 ut
840 1555 1030 1637 proclinans
1055 1563 1179 1638 specto,
1204 1577 1370 1639 magnum

366 1654 601 1724 animadverto
631 1661 714 1737 rete,
745 1654 915 1724 subtiliter
944 1661 1089 1737 textum,
1118 1654 1177 1725 sed
1206 1656 1368 1727 validissi-

369 1775 475 1823 mum.

450 1869 569 1941 “Istud
584 1871 687 1952 rete‚'’
702 1870 814 1954 inquit
829 1869 990 1954 bornen
1007 1869 1088 1955 “per
1101 1871 1230 1955 gradus
1252 1895 1367 1944 ascen·

366 1971 460 2040 denti
476 1971 628 2040 Armand
643 1972 744 2054 capiti
760 1972 922 2041 iniectum
948 1978 1009 2054 est,
1036 1979 1098 2042 aut
1122 1995 1205 2042 vero
1227 1973 1365 2044 cubicu-

364 2071 436 2142 lum
452 2072 592 2141 intranti
607 2072 871 2141 circumiectum.
894 2073 986 2141 Tum
1000 2073 1063 2156 hic,
1079 2073 1138 2155 qui
1154 2074 1254 2145 modo
1279 2096 1367 2144 mor·

364 2180 447 2242 tuus
461 2172 559 2253 iacet,
574 2193 610 2240 se
625 2171 659 2240 in
674 2194 754 2241 eum
770 2171 1003 2255 praecipitavit,
1029 2174 1183 2256 tuncque
1207 2195 1287 2244 eum
1308 2175 1366 2245 ob

364 2273 472 2340 volvit
487 2279 523 2340 et
537 2271 738 2354 colligavit.'’

447 2388 589 2457 Retibus
604 2388 754 2470 retrusis,
782 2409 927 2470 parvum
950 2388 985 2458 in
1008 2390 1162 2460 tabulato
1186 2391 1363 2462 cumulum

362 2489 586 2558 animadverti
602 2489 752 2557 serilium
768 2489 991 2559 discissurum.

445 2605 611 2675 “Prorsus
625 2607 703 2688 ita‚'’
719 2606 884 2676 assentior
898 2628 972 2689 ego,
997 2606 1108 2677 “certe
1123 2607 1153 2678 is
1166 2608 1298 2679 viribus
1317 2610 1361 2681 ad

360 2706 395 2776 id
409 2707 616 2777 moliendum
632 2727 693 2788 par
707 2713 790 2775 erat.
812 2707 945 2790 Nonne,
958 2707 1118 2791 Godtrey,
1134 2715 1277 2779 staturae
1290 2731 1361 2781 ma·

360 2807 573 2977 fflffllfinem
596 2806 699 2875 huius
728 2806 1022 2877 animadvertisti?
1051 2808 1156 2891 Gigas
1176 2809 1267 2879 enim
1289 2810 1364 2882 fere

442 3023 593 3093 “Tamen
607 3022 671 3092 nisi
686 3023 838 3093 Armand
852 3023 887 3092 id
901 3023 1074 3106 voluisset,
1088 3024 1142 3095 hic
1152 3024 1187 3095 id
1198 3027 1292 3097 nullo
1302 3048 1360 3111 pa·

358 3132 414 3195 cto
428 3125 588 3207 perficere
604 3123 800 3205 potuisset,'’
822 3123 929 3192 refert
945 3123 1096 3207 Godtrey
1106 3124 1266 3195 breviter.
1289 3125 1358 3198 “Ut

358 3225 482 3306 vidisti,
497 3225 567 3306 ipse
582 3224 675 3293 nullo
690 3244 829 3306 prorsus
854 3223 967 3293 labore
983 3245 1019 3293 se
1034 3224 1191 3307 eripuit,”
1215 3225 1362 3309 explicat

358 3323 518 3406 Godtrey,
534 3323 598 3392 reti
614 3322 758 3405 sublato,
785 3343 929 3405 magnas
956 3323 991 3392 in
1017 3345 1057 3392 eo
1082 3321 1221 3394 fissuras
1245 3333 1357 3396 osten-

362 3432 449 3493 tans.
466 3422 586 3492 “Viam
597 3421 669 3505 sibi,
678 3421 761 3492 dum
770 3422 815 3491 ibi
821 3423 962 3504 iacebat,
974 3428 1046 3492 rete
1056 3421 1272 3494 discindendo
1285 3446 1363 3508 ape·

358 3524 483 3593 ruit-
498 3522 589 3605 quod
604 3544 659 3591 me
673 3522 829 3604 prescire
845 3523 1040 3592 decebat-
1054 3522 1139 3592 scire
1149 3545 1204 3592 me
1221 3523 1363 3596 decebat

357 3646 437 3694 eum
453 3624 608 3692 vinctum
622 3643 690 3690 non
704 3622 811 3690 fuisse
830 3657 870 3667 -
885 3630 1022 3705 tempus
1036 3629 1174 3693 tantum
1202 3644 1281 3694 eum
1304 3645 1362 3708 op·

358 3723 459 3807 periri
474 3759 516 3768 -
531 3721 590 3792 sed
605 3722 670 3792 ista
684 3721 797 3790 omnia
812 3729 883 3790 tarn
899 3721 1012 3792 subito
1027 3728 1127 3791 erant
1140 3730 1277 3806 peracta
1288 3777 1297 3793 .
1309 3777 1318 3793 .
1328 3724 1358 3793 .''

442 3841 527 3910 Rete
552 3839 688 3909 interim
703 3839 753 3907 ira
768 3859 807 3907 ac
827 3838 929 3908 taedio
954 3839 989 3907 in
1013 3838 1206 3909 tabulatum
1228 3840 1359 3912 abiecit.

358 3941 444 4011 Dein
460 3947 540 4009 ante
556 3960 669 4008 arcam
685 3938 790 4008 Boule
805 3938 967 4020 constitit,
981 3959 1126 4020 eamque
1141 3938 1229 4008 bono
1243 3939 1357 4012 animo

354 4040 603 4125 speculabatur,
618 4045 653 4108 et
668 4046 744 4121 post
765 4059 875 4121 pauca
897 4039 1030 4108 minuta
1052 4039 1172 4110 vultus
1194 4039 1268 4109 eius
1292 4041 1358 4110 cla-

351 4162 481 4214 rescere
495 4140 609 4224 coepit.
