3500 5158
352 875 415 946 240
629 891 833 947 uxsrumuu
849 886 1089 948 nncmuouuu

354 1081 487 1130 veneno
504 1059 710 1131 stillantibus
724 1059 806 1128 mihi
821 1059 1048 1142 insidiaretur,
1064 1059 1206 1130 subinde
1215 1080 1294 1129 cum
1303 1081 1356 1128 ca-

356 1159 425 1243 pite
441 1159 603 1242 Armand,
633 1160 717 1231 alias
730 1182 810 1229 cum
834 1161 935 1229 vultu
960 1160 1042 1229 mihi
1067 1160 1194 1242 ignoto,
1220 1180 1353 1241 semper

353 1267 468 1329 tamen
484 1261 575 1330 ultra
588 1260 694 1330 fidem
709 1259 827 1344 turpis;
842 1260 1012 1330 viscosum
1029 1259 1102 1330 eius
1114 1281 1238 1344 eorpus
1251 1279 1353 1342 opere

354 1361 488 1430 musivo
502 1360 666 1442 micabat3
682 1359 785 1443 pedes
798 1360 872 1430 eius
886 1359 1092 1444 squammosi
1106 1361 1142 1428 in
1164 1359 1353 1429 similitudi·

356 1482 435 1530 nem
460 1482 548 1530 arcae
568 1461 674 1530 Boule
697 1467 796 1532 erant
818 1460 969 1543 incurvi;
986 1481 1232 1542 nonnunquam
1255 1459 1304 1527 sol
1319 1457 1354 1527 in

354 1561 468 1630 fronte
483 1560 556 1631 eius
571 1560 778 1644 splendebat,
802 1560 953 1631 adinstar
968 1560 1055 1630 oculi
1071 1559 1235 1628 immanis
1261 1559 1355 1628 Mon-

354 1668 464 1731 strum
479 1661 543 1730 hoc
565 1661 691 1731 iterum
711 1660 904 1743 iterumque
919 1661 988 1730 vidi
1004 1667 1074 1730 tres
1096 1659 1252 1729 victimas
1276 1679 1355 1728 suas

354 1761 564 1844 interimere,
579 1767 696 1845 postea
710 1782 792 1830 vero
807 1769 911 1843 caput
933 1762 1084 1843 attolere,
1111 1759 1216 1830 oculis
1240 1759 1275 1828 in
1299 1780 1353 1828 me

353 1860 475 1931 defixis
489 1861 572 1930 mihi
582 1861 756 1930 imminere
766 1861 1067 1931 ceuvictimaesuae
1081 1867 1215 1944 quartae
1230 1913 1237 1930 .
1255 1913 1262 1928 .
1280 1912 1288 1928 .
1305 1859 1354 1928 At

352 1984 420 2031 nou
436 1962 580 2032 ulterius
593 1961 733 2032 tentabo
754 1961 819 2031 ista
833 1961 887 2030 hic
902 1962 1031 2031 somnia
1052 1960 1259 2042 describere;
1275 1979 1353 2042 quae

352 2083 396 2132 ne
411 2084 503 2131 nunc
518 2061 655 2144 quidem
669 2061 741 2132 sine
756 2060 979 2144 trepidatione
995 2062 1141 2132 recolere
1155 2081 1254 2144 queo.

414 2163 563 2245 Vespera
578 2162 735 2244 quadam,
744 2183 853 2246 quum
863 2168 1007 2232 moestus
1018 2161 1190 2244 animique
1201 2158 1353 2244 pendens
1371 2173 1375 2180 ·

356 2262 391 2332 iu
402 2261 556 2331 cubiculo
566 2261 728 2344 sederem,
736 2283 938 2344 mecumque
947 2269 1143 2331 utrumnon
1152 2261 1258 2330 satius
1266 2265 1355 2328 esset

351 2361 506 2432 cubitum
521 2361 570 2431 ire
585 2361 816 2443 deliberarem,
838 2361 969 2431 vin'bus
982 2361 1102 2430 fluxus
1113 2367 1148 2430 et
1159 2366 1352 2441 enervatus,

352 2470 466 2532 tamen
490 2463 601 2545 sopori
623 2483 677 2531 me
704 2461 850 2544 credere,
865 2484 908 2531 ex
922 2483 991 2544 quo
1021 2460 1167 2531 sciebam
1193 2481 1248 2528 me
1271 2481 1350 2529 cum

351 2562 473 2646 vagitu
512 2562 764 2646 evigilaturum,
802 2584 973 2644 recusans,
1010 2561 1125 2632 evenit
1140 2567 1181 2630 ut
1210 2561 1349 2630 ianuam

349 2685 461 2732 meam
486 2662 621 2746 pulsare
645 2661 793 2745 aliquem
814 2661 967 2732 audirem
980 2661 1132 2745 -pulsu
1147 2661 1229 2730 mihi
1246 2668 1347 2742 noto;

351 2763 451 2833 laetus
464 2762 605 2846 surrexi,
616 2769 658 2833 ut
669 2761 932 2831 intromitterem
947 2761 1107 2844 Godrrey.

434 2863 487 2932 Ex
515 2863 651 2945 fulgore
672 2862 848 2932 oculorum
877 2861 950 2931 eius
970 2861 1070 2931 facile
1090 2859 1242 2931 divinavi
1271 2881 1352 2930 eum

351 2962 477 3046 aliquid
491 2961 625 3044 insoliti,
640 2961 731 3044 quod
746 2961 828 3030 mihi
842 2969 1007 3045 narraret,
1021 2961 1164 3042 habere;
1180 2966 1221 3030 ut
1236 2967 1350 3029 tamen

354 3086 409 3134 me
424 3061 564 3146 aspexit,
578 3062 683 3132 facies
698 3063 771 3132 eius
787 3069 921 3131 mutata
935 3068 997 3131 est.

435 3162 626 3244 “Quidnam
650 3163 698 3232 rei
722 3169 783 3245 est,
808 3162 974 3232 Lester?”
1008 3161 1220 3246 quaesitabat.
1237 3158 1352 3230 “Adeo

352 3265 434 3335 mihi
450 3263 601 3335 deiectus
615 3285 687 3334 esse
702 3262 836 3333 videris.
863 3261 1094 3333 Laboribusne
1118 3283 1154 3332 es
1176 3261 1353 3332 coniectus

353 3364 463 3435 tuisl'’

434 3462 548 3534 “Nihil
563 3463 636 3533 eius
650 3463 729 3546 rei,”
745 3462 910 3546 respondi.
934 3461 1108 3532 “Dormire
1123 3482 1265 3545 nequeo.
1282 3461 1352 3530 lsta

353 3587 407 3636 res
421 3563 502 3632 mihi
517 3584 641 3634 nervos
656 3585 794 3646 prorsus
807 3563 987 3646 convulsit,
1003 3563 1163 3644 Godrrey.
1201 3562 1274 3631 lam
1299 3583 1351 3630 so-

351 3665 451 3736 mniis
465 3663 549 3732 meis
563 3684 599 3733 se
614 3663 797 3747 immiscet;
812 3662 1037 3734 incubonibus
1052 3662 1253 3746 opprimor.”

435 3763 576 3834 lnten'm
591 3785 610 3832 e
626 3763 764 3847 regione
779 3762 863 3833 mihi
886 3763 1039 3834 consedit
1065 3763 1168 3832 vultu
1194 3761 1353 3834 sollicitu-

352 3867 466 3938 dinem
481 3863 656 3947 prodente.

432 3963 491 4034 “ld
505 3964 555 4034 rei
569 3985 708 4047 prorsus
733 3963 822 4034 absit
831 3963 860 4033 l”
883 3963 999 4048 arguit
1022 3963 1102 4047 ipse.
1124 3962 1212 4033 “Fac
1237 3963 1351 4046 aliquo

352 4065 496 4147 secedas,
520 4064 635 4148 quiete
657 4065 748 4135 vires
769 4063 930 4134 resarcias
955 4099 996 4110 -
1021 4071 1057 4133 et
1071 4063 1135 4133 hoc
1149 4063 1350 4133 uberrime.''

436 4164 561 4247 “Quies
575 4187 683 4249 usque
697 4187 738 4236 eo
753 4165 837 4234 nihil
849 4164 933 4234 mihi
947 4165 1122 4250 prodesset
1141 4165 1225 4235 dum
1247 4164 1349 4234 hocce
