3554 5156
697 865 1003 921 munnnxrroivus
1286 851 1348 922 105

349 1034 486 1117 quando
501 1057 618 1104 veram
634 1035 800 1117 cuiusque
815 1036 864 1104 rei
879 1035 1047 1118 grauioris
1061 1036 1224 1104 momenti
1239 1037 1350 1119 requi·
1438 1047 1441 1054 “

350 1143 442 1203 reret
457 1135 625 1217 notitiam,
642 1136 683 1205 ad
700 1138 834 1204 Record
850 1158 886 1204 se
901 1145 1101 1205 convertere
1116 1135 1281 1205 debuisse.

430 1234 512 1304 Haec
527 1243 643 1304 tamen
659 1236 768 1305 obiter
783 1236 920 1318 fiebant,
935 1237 1008 1319 ipsa
1024 1237 1113 1304 enim
1125 1237 1271 1318 geminae
1282 1243 1349 1305 tra·

347 1335 473 1417 goediae
490 1335 638 1416 historia,
653 1337 731 1404 fuse
746 1336 924 1418 illustrata,
946 1358 1007 1418 per
1022 1344 1120 1406 antes
1135 1338 1250 1418 plures
1264 1337 1350 1406 effu·

347 1457 385 1503 sa
400 1444 485 1518 erat,
500 1436 650 1518 satisque
665 1437 844 1504 constabat
859 1458 992 1504 summa
1008 1437 1072 1506 diei
1096 1459 1186 1506 nova
1210 1438 1348 1506 censeri.

430 1534 501 1604 Sub
516 1535 636 1604 itinere
651 1535 809 1603 deorsum
826 1535 860 1603 in
875 1537 996 1605 urbem
1019 1538 1118 1619 plura
1142 1537 1273 1618 inspexi
1298 1538 1347 1605 di·

347 1657 444 1702 urna.
479 1635 634 1704 Eventus
660 1635 720 1703 hos
749 1636 895 1717 tragicos
919 1643 1044 1704 cuncta
1069 1637 1190 1704 horum
1220 1659 1348 1718 magna

345 1735 534 1817 imaginum
551 1736 762 1817 profluvione
778 1773 819 1779 —
834 1736 1039 1818 imaginibus
1054 1737 1234 1817 d’Aurelle,
1259 1737 1349 1805 Van·

348 1835 429 1915 tine,
445 1835 559 1917 Grady
575 1835 778 1918 (vegrandi),
794 1836 995 1918 Simmonds,
1012 1837 1230 1919 Goldberger,
1246 1837 1348 1919 Frey-

346 1936 551 2018 linghuisen,
567 1937 691 2005 aedium
717 1936 875 2018 Vantine,
900 1937 1159 2017 collustrarunt;
1182 1937 1349 2020 diagram-

346 2043 440 2105 mata
455 2036 660 2106 exhibebant
675 2038 835 2106 conclave
850 2059 928 2106 curn
954 2037 1022 2106 situ
1038 2037 1096 2106 ubi
1111 2036 1278 2106 cadavera
1298 2060 1348 2106 re-

346 2142 444 2218 perta
459 2135 542 2216 sint;
559 2136 762 2205 lineamenta
776 2137 967 2206 anatomica
982 2137 1187 2206 exhibebant
1200 2138 1346 2207 indolem

346 2237 546 2318 vulnerum;
570 2236 775 2305 accedebant
791 2237 920 2318 effigies
940 2236 1170 2306 veneficorum
1197 2245 1348 2307 vetusta·

350 2336 393 2405 tis
417 2358 497 2405 cum
521 2337 648 2405 fabulis
670 2336 855 2406 admodum
879 2337 1026 2418 turgidis
1052 2338 1094 2406 de
1117 2338 1220 2406 rebus
1241 2338 1347 2420 gestis

348 2456 476 2518 eorum,
488 2473 528 2480 ·—
539 2435 597 2504 sed
615 2437 671 2505 ubi
684 2435 726 2506 ad
736 2436 968 2519 explicandam
983 2437 1090 2518 ipsam
1108 2437 1209 2506 huius
1224 2445 1349 2520 tragoe-

346 2535 411 2604 diae
426 2536 602 2604 historiam
619 2545 822 2619 perventum
844 2547 905 2618 est,
921 2537 1031 2618 reperi
1046 2561 1087 2605 ea
1102 2538 1211 2620 magis
1235 2539 1348 2606 ieiuna

349 2643 383 2704 et
398 2636 512 2704 minus
526 2636 646 2705 intima
661 2658 801 2705 narrare
816 2658 919 2718 quam
942 2637 1049 2705 relata
1074 2637 1180 2720 ipsius
1204 2641 1346 2706 Record.

430 2737 596 2819 Pleraque
622 2736 745 2805 horum
770 2759 865 2805 mera
891 2744 965 2805 erat
990 2737 1130 2819 farrago
1160 2739 1348 2808 theorema-

348 2843 434 2918 tum,
458 2837 731 2918 hariolationum,
759 2837 1028 2920 suggestionum,
1054 2837 1179 2920 quibus
1207 2840 1348 2921 sanguis

347 2938 513 3018 rigescere
528 2937 642 3019 possit,
668 2937 760 3018 item,
786 2938 872 3005 clam
898 2937 1038 3006 innuere
1064 2938 1257 3019 gestiebant
1272 2961 1347 3020 pro-

348 3038 476 3107 fundas
501 3037 639 3107 notitias
665 3038 867 3106 relaton'bus
891 3038 1043 3121 confisos
1077 3061 1145 3106 non
1174 3040 1346 3109 tamenin

348 3137 519 3219 publicum
534 3138 755 3220 evulgandos
771 3138 877 3206 donec
892 3137 999 3206 sicarii
1016 3139 1164 3220 oppressi
1190 3139 1346 3208 fuissent.

348 3237 385 3307 ld
401 3244 517 3306 autem
533 3259 613 3305 mox
628 3239 759 3307 factum
776 3237 815 3305 iri
838 3238 919 3306 nulli
946 3238 1069 3307 diurno
1093 3246 1168 3307 erat
1194 3240 1346 3322 dubium,

347 3337 514 3420 siquidem
529 3359 641 3406 nonne
657 3337 782 3420 Grady,
798 3360 945 3420 magnus
960 3339 1014 3406 ille
1030 3339 1153 3420 Grady,
1175 3339 1210 3407 in
1237 3363 1348 3422 perso-

346 3461 390 3506 na
405 3438 608 3520 suscepisset
624 3459 678 3506 res
693 3437 1001 3506 administrandas?
1044 3439 1122 3518 (Hic
1138 3438 1259 3508 deinde
1274 3442 1345 3522 glo-

346 3539 433 3607 riosa
448 3537 656 3620 sequebatur
671 3538 811 3607 historia
833 3560 948 3607 rerum
962 3561 984 3607 a
1000 3539 1115 3620 Grady
1138 3541 1345 3622 gestarum).

429 3639 517 3708 Satis
532 3661 575 3706 ex
588 3637 641 3706 his
656 3638 872 3720 perspicuum
887 3645 961 3706 erat
977 3661 1093 3707 omnes
1108 3640 1169 3707 hos
1185 3640 1347 3710 relatores

347 3739 389 3808 ad
405 3760 485 3808 suas
499 3739 637 3807 notitias
652 3737 853 3806 obtinendas
867 3738 910 3807 ad
926 3739 1039 3821 Grady
1054 3761 1228 3809 recurrere
1243 3741 1346 3811 debu-

346 3840 421 3921 isse,
437 3846 472 3908 et
486 3839 586 3908 facile
601 3838 685 3907 mihi
700 3838 829 3920 fingere
845 3860 933 3920 queo
955 3839 1013 3920 qui
1029 3839 1064 3906 hi
1080 3840 1241 3909 relatores
1261 3841 1345 3912 dum

347 3939 419 4009 haec
450 3938 654 4022 panegyrica
682 3937 781 4007 inviti
797 3937 1040 4020 scriptitabant,
1069 3960 1185 4008 secum
1209 3962 1289 4010 eum
1311 3942 1345 4011 in

347 4042 436 4110 mala
450 4040 660 4109 devoverint.
683 4038 795 4108 Etiam
809 4039 984 4108 commode
1000 4039 1082 4107 mihi
1104 4039 1233 4122 fingere
1258 4064 1346 4123 queo

347 4140 633 4230 quemadmodum
662 4139 917 4210 concinnatores
937 4139 1050 4209 diurni
1074 4140 1147 4210 haec
1170 4162 1261 4224 vaga
1285 4143 1347 4227 fig·
