3536 5156
713 1893 864 1964 CAPUT
894 1894 957 1966 XV

599 2079 784 2148 Arcanum
799 2080 936 2149 Franci
950 2080 1074 2162 Iqrwti.

422 2261 712 2342 Auouuu'rlsruu
733 2262 849 2334 adstiti
872 2261 1029 2346 elinguis,
1055 2262 1282 2346 deorsumque
1304 2261 1339 2332 in

338 2361 475 2432 vultum
489 2361 640 2431 mulieris
654 2363 797 2432 exoletae
821 2369 1064 2445 enervataeque
1093 2361 1262 2446 spectum
1283 2361 1341 2432 de

338 2460 442 2543 nique
457 2461 609 2544 Godfrey
623 2463 774 2545 accessit,
789 2483 933 2546 eamque
947 2461 1208 2533 intermortuam
1218 2463 1253 2532 iu
1265 2483 1341 2545 gra·

339 2561 459 2630 batum
472 2561 612 2632 levavit

339 2665 343 2671 '
423 2659 702 2745 “Aliquantulum
716 2683 817 2745 aquae
831 2662 985 2746 affert0‚”
1001 2663 1098 2732 fatur
1120 2661 1164 2732 ad
1186 2681 1242 2730 me
1264 2683 1341 2731 uon·

338 2781 470 2844 versus,
486 2761 625 2844 vidique
640 2783 659 2831 e
674 2763 775 2832 vultu
790 2762 865 2833 eius
884 2770 1095 2846 quantopere
1120 2761 1234 2832 animo
1259 2760 1340 2831 faci·

340 2881 427 2943 eque
442 2859 631 2931 concitatus
644 2861 761 2954 fuerit.

420 2961 474 3031 Ad
487 2962 581 3032 iores
594 2963 739 3046 cucurri,
754 2962 880 3046 raptim
894 2963 1022 3046 aperui.
1039 2963 1169 3046 Rogers
1184 2963 1293 3046 reperi
1304 2961 1340 3031 in

336 3061 468 3132 ambitu
484 3068 642 3145 stantem,
658 3084 806 3147 eumque
821 3063 976 3147 protinus
991 3085 1117 3146 aquam
1131 3064 1223 3134 ferre
1246 3063 1339 3146 iussi,

337 3162 408 3246 ipse
423 3163 459 3231 in
473 3163 633 3232 conclave
649 3183 833 3246 regressus

414 3261 566 3345 Godrrey
580 3283 703 3332 manus
713 3263 835 3346 puellae
848 3263 1004 3346 fricabat,
1019 3263 1101 3335 dum
1112 3269 1270 3334 matrona
1283 3283 1341 3333 ve-

338 3363 407 3432 lata
421 3361 543 3432 fibulas
557 3361 766 3446 uncinasque
783 3363 984 3434 subannalis
998 3364 1071 3434 eius
1085 3363 1278 3435 solvitabat
1291 3363 1340 3433 Ut

338 3469 443 3547 patet,
468 3463 551 3534 satis
574 3464 664 3533 clare
687 3462 781 3533 haud
807 3464 936 3534 videre·
949 3464 1096 3547 valebat,
1117 3463 1341 3547 quamobrem

338 3563 438 3634 celeri
452 3571 550 3633 motu
565 3584 688 3633 manus
702 3565 818 3634 velum
833 3586 935 3634 suum
951 3564 1153 3634 sublevavit.
1165 3563 1274 3634 Corde
1288 3584 1341 3634 ac·

337 3662 434 3734 cendi
460 3663 547 3747 coepi
572 3685 681 3747 quum
706 3685 782 3734 eam
797 3666 847 3734 ita
861 3664 1057 3735 humaniter
1080 3670 1242 3747 agentem
1263 3685 1341 3734 cou-

338 3763 430 3846 spexi
442 3785 451 3844 ;
473 3785 512 3833 ac
527 3770 604 3846 post
619 3763 793 3847 singulum
808 3764 970 3836 obtutum
994 3764 1156 3834 aliorsum
1180 3783 1237 3834 me
1261 3782 1341 3836 con·
1383 3823 1385 3827 .

337 3863 436 3935 verti.

420 3963 533 4034 Etiam
558 3963 782 4035 animadverti
809 3964 962 4048 Godfrey
986 3985 1029 4034 ex
1050 3964 1170 4046 agnita
1199 3963 1341 4034 muliere

338 4064 523 4136 admodum
537 4071 735 4149 stupentem
750 4072 790 4136 ut
804 4087 881 4136 eam
896 4065 1043 4136 intuitus
1056 4071 1148 4147 erat;
1169 4069 1247 4147 pust
1261 4085 1341 4148 quae

338 4173 374 4238 et
388 4166 460 4250 ipse
474 4166 588 4237 oculos
602 4165 738 4237 avertit.
