3502 5158
430 873 473 941 22
695 887 903 942 ursnnnrun
925 885 1032 940 anon
1053 880 1171 940 roura

429 1055 582 1140 Godney
596 1062 701 1138 atque
715 1055 905 1126 Simmonds
920 1089 961 1100 -
975 1053 1130 1125 excusari
1139 1059 1338 1138 poteramus
1349 1073 1431 1134 quo-

430 1155 510 1226 dam
534 1154 648 1225 lethali
673 1155 822 1237 colubro,
845 1153 903 1239 qui
927 1154 1091 1224 memoria
1105 1157 1222 1224 nostra
1237 1159 1328 1222 certe
1343 1173 1430 1220 nun·

430 1277 535 1339 quam
549 1254 748 1325 abolebitur.
770 1255 842 1325 Nos
856 1254 974 1337 itaque
998 1255 1085 1323 alter
1099 1253 1134 1323 in
1149 1254 1295 1323 alterum
1310 1259 1429 1325 contra

429 1355 607 1426 stimulum
623 1355 870 1437 renidebamus
885 1355 972 1424 alter
986 1355 1133 1424 alterum
1147 1354 1330 1426 intuentes.

514 1454 702 1539 “Equidem
716 1477 781 1538 ego
795 1475 945 1537 anguem
960 1455 1067 1524 fuisse
1081 1476 1151 1524 non
1166 1456 1317 1538 censeo,''
1332 1457 1430 1526 fatur

431 1555 593 1640 Godfrey,
607 1556 733 1626 iterum
748 1576 851 1639 supra
866 1555 991 1625 vulnus
1004 1553 1194 1625 inclinatus.
1207 1553 1303 1639 “Age
1318 1556 1429 1638 modo,

431 1655 521 1726 Here
537 1656 755 1740 Goldberger‚
768 1655 929 1736 olfacta,'’
944 1655 1075 1725 suadet.

514 1756 722 1827 Mortuarius
743 1777 866 1826 nasum
889 1755 1029 1839 propius
1053 1754 1096 1824 ad
1122 1755 1338 1825 vulneratam
1361 1777 1430 1825 ma·

430 1879 514 1928 num
529 1856 680 1940 applicat
693 1864 729 1926 et
742 1857 893 1927 olfactat.

514 1956 725 2040 “Amygdala
739 1978 856 2027 amara
870 1959 937 2027 olet
946 1956 975 2025 l’'
997 1955 1205 2039 pronuntiat

514 2056 633 2140 “Quod
647 2056 781 2127 acidum
795 2057 1013 2126 Borussicum
1030 2056 1159 2137 sonat”
1184 2055 1430 2138 interpretatur

429 2157 591 2240 Godney,
607 2156 695 2226 “non
708 2165 824 2227 autem
838 2157 933 2226 virus
947 2155 1189 2239 anguineum.”
1211 2156 1302 2225 Tum
1316 2156 1430 2238 paullo

429 2257 593 2328 conticuit
618 2257 724 2327 oculis
736 2257 771 2326 in
785 2257 913 2327 vulnus
927 2255 1070 2326 tumidae
1083 2277 1206 2325 manus
1220 2255 1348 2325 defixis.
1385 2255 1430 2324 Et

430 2379 492 2427 nos
506 2357 691 2427 luminibus
706 2356 845 2427 deiectis
863 2356 1031 2438 stetimus,
1056 2377 1118 2425 nec
1143 2355 1263 2425 dubito
1289 2357 1372 2438 quin
1393 2363 1430 2426 et

429 2458 554 2539 caeteri,
570 2464 611 2528 ut
625 2457 697 2540 ipse
712 2478 787 2539 ego,
802 2457 931 2526 animos
957 2455 1208 2536 discruciarent‚
1224 2477 1292 2539 quo
1307 2477 1429 2540 nempe

430 2557 530 2628 modo
545 2557 638 2626 viam
652 2579 695 2626 ex
709 2556 762 2626 his
777 2555 979 2638 ambagibus
993 2555 1140 2638 reperire
1151 2562 1298 2638 possent.
1315 2553 1429 2628 “Licet

430 2664 467 2727 et
480 2658 669 2728 coniectare
682 2657 809 2726 vulnus
823 2654 866 2725 ab
881 2655 956 2740 ipso
971 2677 1007 2725 se
1021 2655 1153 2724 illatum
1168 2655 1271 2738 esse‚”
1299 2662 1429 2725 mussat

429 2778 545 2827 secum
561 2756 721 2839 Godfrey.

513 2856 722 2940 Goldberger
735 2856 928 2939 opinionem
943 2854 1068 2925 derisit.
1080 2854 1158 2925 Sine
1169 2854 1272 2925 dubio
1283 2855 1430 2937 aenigma

429 2957 607 3028 insolubile
622 2977 747 3026 nervos
760 2977 841 3026 suos
854 2954 1012 3025 irritavit.

513 3056 636 3126 “Haud
650 3062 704 3126 est
717 3054 820 3125 moris
832 3055 924 3138 apud
937 3055 1116 3138 plerosque
1138 3055 1347 3124 fuscinulam
1361 3076 1431 3124 ma-

429 3157 490 3228 nui
505 3157 650 3240 propriae
664 3155 816 3239 infigere,
831 3155 945 3237 sicque
960 3155 1022 3224 sibi
1039 3162 1184 3224 mortem
1194 3155 1431 3238 consciscere,''

428 3279 507 3328 cum
523 3255 631 3326 ironia
645 3255 828 3339 respondit.

513 3355 606 3426 “Nec
620 3355 654 3425 id
669 3355 812 3438 assero‚’'
828 3354 950 3424 blande
966 3355 1073 3424 refert
1087 3354 1248 3437 Godfrey‚
1264 3353 1430 3437 “arguere

429 3465 546 3527 tamm
561 3457 660 3525 iuvat
673 3477 716 3524 ex
730 3476 808 3524 mea
830 3461 929 3538 parte
956 3476 1019 3524 nos
1041 3454 1188 3524 necdum
1211 3453 1295 3525 scire
1310 3462 1429 3524 utrum

428 3557 483 3627 hic
497 3557 540 3627 de
555 3555 696 3625 suicidio
709 3563 853 3638 agatur;
875 3555 1093 3638 perspicuum
1123 3561 1238 3623 tamen
1263 3554 1347 3623 mihi
1367 3561 1429 3636 est,

429 3656 593 3740 quidquid
608 3657 662 3738 sit,
676 3677 750 3725 esse
764 3662 890 3738 praeter
910 3654 1071 3724 morem.'’

511 3755 673 3825 Ludibrio
689 3755 793 3824 etiam
807 3753 971 3824 severiori
999 3754 1177 3838 redarguit
1201 3753 1428 3837 Goldberger:

512 3855 627 3925 “Num
642 3855 733 3926 ullus
759 3855 945 3923 relatorum
971 3856 1106 3924 Record
1129 3876 1282 3938 unquam
1305 3855 1431 3937 reperit

428 3977 546 4026 casum
561 3955 620 4037 qui
633 3977 729 4024 more
744 3961 901 4024 consueto
917 3953 1116 4024 acciderit?”
1132 3953 1346 4038 quaeritabat.

512 4055 635 4125 Petitio
649 4055 723 4124 haec
735 4054 818 4124 satis
833 4060 908 4123 erat
922 4054 1039 4137 gravis
1053 4053 1118 4124 sub
1131 4075 1201 4137 qua
1211 4053 1333 4123 licebat
1344 4052 1431 4123 God-

428 4155 506 4238 frey
534 4154 577 4225 ad
608 4155 716 4225 otium
740 4153 971 4237 ingemiscere.
1002 4153 1198 4224 Secundum
1224 4153 1429 4223 sententiam
