3536 5156
581 898 732 953 eranum
750 899 908 952 vnmnrn
925 895 1134 954 smmnron
1291 880 1353 952 169

434 1065 533 1138 “Non
549 1089 646 1139 secus
660 1074 696 1138 et
711 1089 784 1152 ego.
807 1066 890 1139 Inde
904 1090 927 1137 a
940 1066 994 1139 die
1005 1066 1214 1152 nuptiarum,
1229 1065 1276 1134 mi
1291 1064 1353 1134 Le-

352 1175 431 1250 ster‚
448 1168 520 1252 ipsa
534 1168 627 1238 haud
642 1190 764 1252 parum
779 1175 913 1238 mutata
927 1175 979 1238 est
1000 1203 1042 1212 -
1068 1174 1143 1237 tum
1166 1166 1257 1236 enim
1281 1163 1353 1248 ipsa

352 1268 463 1351 puella
477 1276 551 1338 erat
566 1269 643 1338 laevi
658 1267 764 1339 faciel
779 1267 900 1338 Trium
914 1290 1082 1337 annorum
1094 1289 1173 1337 cum
1188 1266 1282 1336 Duce
1291 1287 1353 1335 suo

350 1367 526 1437 convictus
540 1368 686 1452 vestigia
701 1369 735 1436 in
751 1389 791 1438 ea
807 1367 943 1452 reliquit
953 1366 981 1436 !”

436 1468 516 1536 Mox
530 1468 702 1550 conticuit,
718 1475 753 1539 et
768 1467 936 1538 meditans
961 1468 1076 1538 oculos
1100 1467 1134 1537 in
1150 1473 1284 1550 tapetas
1298 1466 1354 1536 de-

352 1567 448 1637 fixios
470 1569 620 1651 gerebat.
654 1567 808 1651 Denique
833 1590 911 1637 cum
938 1568 1051 1638 subito
1080 1575 1227 1637 tremore
1252 1566 1296 1636 ad
1317 1587 1353 1635 se

353 1667 461 1737 rediit.

435 1766 604 1837 “Historia
626 1776 743 1838 autem
774 1768 903 1838 ancillae
932 1775 1023 1838 certe
1052 1767 1174 1838 auditu
1204 1766 1354 1836 iucunda

351 1868 452 1951 fuit,”
468 1867 589 1950 inquit.
606 1867 740 1938 “Nihilo
755 1875 870 1938 tannen
887 1868 996 1938 secius
1020 1869 1120 1951 plura
1145 1867 1180 1936 ln
1206 1889 1247 1936 ea
1272 1871 1354 1936 sunt

352 1989 431 2050 quae
445 1967 528 2037 mihi
543 1967 680 2037 minime
696 1969 857 2051 liquent.’'

436 2066 519 2136 “Est
533 2089 642 2137 unum
657 2067 691 2137 in
707 2068 769 2150 his,
786 2069 877 2151 quod
892 2090 935 2137 ne
950 2068 1034 2138 mihi
1048 2068 1186 2152 quidem
1212 2073 1265 2138 est
1290 2067 1354 2136 cla-

352 2167 459 2249 rum,'’
476 2167 631 2250 respondi
646 2189 719 2250 ego.
753 2167 827 2238 “Ne
843 2168 1007 2238 somniavi
1022 2169 1160 2252 quidem
1175 2168 1263 2238 hanc
1279 2189 1352 2237 esse

352 2289 465 2337 arcam
480 2288 597 2338 veram
623 2275 658 2337 et
681 2268 875 2350 genuinam.
906 2268 1043 2338 Nescivi
1068 2271 1127 2352 qui
1143 2269 1177 2339 id
1192 2291 1265 2338 esse
1279 2288 1354 2351 pos·

353 2369 435 2438 κζ’,

437 2466 542 2536 “Rern
557 2489 621 2538 acu
638 2467 790 2551 tetigisti.
807 2468 953 2552 Quinam
969 2468 1004 2539 id
1019 2469 1151 2539 factum
1168 2476 1229 2551 est,
1245 2489 1354 2552 quum

353 2575 508 2638 matrona
522 2569 635 2638 velata
649 2568 801 2638 Annand
815 2576 851 2637 et
866 2569 934 2638 Fils
950 2569 1084 2639 Parisiis
1095 2563 1253 2650 advisset,
1264 2575 1300 2638 et
1310 2567 1354 2637 ab

354 2667 394 2738 iis
408 2669 451 2738 ad
467 2668 661 2751 Philippum
675 2667 823 2738 Vantine
837 2669 940 2738 missa
955 2671 1065 2740 esset?
1090 2669 1139 2739 Ut
1164 2690 1227 2739 sua
1250 2668 1355 2751 ipsius

354 2767 505 2837 narratio
518 2768 599 2851 fert,
614 2767 685 2851 ipse
699 2768 786 2838 hanc
801 2789 915 2837 arcam
931 2790 999 2838 non
1015 2768 1244 2852 praestinavit;
1266 2769 1353 2838 hanc

354 2876 456 2938 antea
470 2889 647 2951 nunquam
672 2869 862 2951 conspexit;
895 2868 1051 2938 credibile
1067 2876 1119 2938 est
1133 2869 1232 2938 istam
1248 2890 1290 2938 ex
1305 2888 1356 2938 er·

355 2990 429 3038 rore
445 2989 517 3037 esse
532 2969 687 3050 missam3
709 2968 861 3038 Annand
884 2976 920 3038 et
944 2969 1012 3038 Fils
1026 2970 1213 3038 remulcant
1228 2968 1289 3038 tibi
1305 2991 1355 3038 er·

355 3091 464 3138 rorem
480 3089 552 3139 esse
568 3068 801 3150 commissum
822 3076 857 3138 et
872 3077 986 3138 tamen
1001 3068 1148 3138 Vantine
1163 3074 1355 3138 memorant

354 3169 427 3239 eius
449 3190 537 3238 arcae
559 3169 839 3251 praestinatorem.
869 3169 1005 3251 Aliquid
1027 3168 1150 3240 alicubi
1173 3169 1355 3238 distortum

356 3290 428 3338 esse
442 3275 584 3338 constat.

439 3368 520 3439 “Illa
541 3391 578 3439 re
602 3371 784 3439 admoneor
799 3369 890 3438 vices
913 3377 1072 3452 agentem
1098 3369 1251 3440 Annand
1275 3391 1357 3438 non-

354 3468 438 3538 dum
452 3490 506 3538 me
522 3467 648 3538 visisse.
670 3469 771 3539 Haud
787 3477 839 3539 est
853 3469 996 3538 dubium
1019 3469 1102 3552 quin
1125 3469 1155 3540 is
1180 3469 1357 3539 difficulta-

356 3576 425 3638 tem
441 3569 597 3639 dirimere
612 3569 748 3654 possit.”

440 3667 589 3752 “Utique
614 3691 683 3739 non
708 3670 817 3740 oberit
846 3669 920 3739 eius
949 3669 1177 3740 narrationem
1207 3670 1356 3754 audire‚”

357 3773 500 3856 putabat
516 3771 676 3853 Godfrey.
699 3769 902 3840 “Videamus
917 3792 1008 3840 nunc
1022 3769 1117 3840 illum
1132 3770 1316 3840 forulum.”

440 3873 586 3941 Forulus
600 3892 710 3954 usque
725 3878 798 3940 erat
813 3877 954 3954 apertus
974 3891 1014 3940 eo
1029 3891 1098 3952 quo
1112 3892 1192 3939 eum
1216 3868 1359 3954 relique·

358 3993 473 4042 ramus
495 3971 605 4053 modo,
631 3970 690 4040 sed
716 3969 867 4053 Godfrey
892 3992 971 4040 eum
996 3970 1032 4040 in
1056 3971 1167 4039 locum
1189 3969 1357 4054 repressit,

357 4071 624 4154 ostendabatque
650 4070 731 4140 mihi
755 4069 1058 4153 configurationem
1081 4070 1228 4153 vairam,
1243 4091 1360 4153 quern-

358 4172 541 4244 admodum
556 4192 617 4255 per
630 4177 755 4254 crusta,
770 4191 924 4255 opusque
939 4169 1112 4240 musivum
1126 4170 1238 4240 forma
1253 4171 1360 4242 locus·
