3502 5158
722 873 899 929 clumam
1269 858 1311 930 79

395 1037 551 1124 “Aliquid
565 1041 710 1125 idgenus
731 1042 894 1126 factum,”
918 1041 1000 1112 mite
1009 1043 1116 1112 refert
1138 1042 1290 1126 Godney
1301 1063 1310 1125 ;

315 1138 372 1210 “at
386 1140 452 1210 noli
469 1141 560 1224 angi.
583 1142 664 1210 Mox
677 1142 764 1212 bene
780 1149 815 1212 te
830 1142 1003 1213 habebis.”

396 1255 587 1341 “Quidnam
599 1280 656 1328 me
670 1281 710 1328 eo
725 1259 859 1343 impulit
868 1259 904 1328 ?”
917 1259 1040 1342 quaerit
1049 1260 1180 1344 Rogers
1190 1260 1309 1330 eodem

314 1363 451 1442 stupore
468 1380 547 1428 eum
562 1359 717 1429 intuitus.
730 1359 819 1429 Tum
835 1360 954 1430 vultus
967 1361 1041 1430 eius
1055 1360 1090 1429 in
1100 1381 1310 1444 purpureum

314 1480 434 1528 versus
448 1466 511 1541 est,
526 1466 562 1530 et
576 1481 656 1528 eum
672 1459 797 1529 iterum
824 1459 1037 1542 relapsurum
1062 1461 1193 1544 putavi.
1230 1460 1312 1530 Post

314 1579 421 1640 pauca
436 1565 551 1628 tamen
582 1567 754 1629 momenta
778 1559 985 1629 halitationis
1008 1560 1145 1644 quietus
1169 1560 1311 1630 iacebat.

314 1657 435 1729 “Nunc
450 1660 619 1743 memini,”
634 1660 754 1743 inquit,
777 1658 869 1730 “sine
883 1668 924 1731 ut
939 1660 1085 1744 effigiem
1096 1683 1171 1730 earn
1186 1661 1311 1731 iterum

313 1761 507 1830 contuear.''

397 1877 536 1946 Porrexi
550 1877 605 1947 illi.
628 1877 751 1947 Manus
774 1878 848 1947 eius
863 1878 911 1947 ita
924 1877 1126 1960 tremebant,
1142 1885 1228 1948 utet
1243 1877 1312 1947 effi·

313 1976 403 2058 giem
419 1977 477 2045 vix
493 1983 608 2046 tenere
624 1986 746 2062 posset,
761 1978 831 2048 vidi
846 1985 962 2046 tamen
973 1976 1016 2047 ad
1027 1999 1064 2047 se
1075 1976 1311 2048 sustinendum

314 2077 472 2146 omnibus
486 2077 616 2147 viribus
631 2100 711 2148 eum
726 2078 858 2148 enisum
873 2077 991 2160 fuisse,
1007 2077 1104 2160 proin
1130 2099 1207 2148 eam
1230 2079 1312 2147 satis

315 2198 474 2260 prospero
489 2184 616 2247 eventu
631 2176 674 2247 ad
690 2179 804 2247 oculos
819 2177 957 2260 levavit,
971 2199 1011 2247 ac
1028 2178 1100 2248 sine
1125 2185 1222 2248 motu
1244 2177 1313 2247 ani·

314 2278 360 2346 mi
376 2277 516 2360 aspexit.

399 2375 598 2448 “Novistine
610 2378 730 2447 eam?’'
753 2378 877 2462 quaerit
891 2378 1052 2460 Godtrey.

398 2477 527 2561 Rogers
541 2499 673 2549 summo
688 2500 764 2548 meo
779 2485 918 2562 stupore
933 2484 1023 2549 nutu
1032 2477 1151 2561 capitis
1161 2477 1312 2560 negavit.

398 2576 608 2661 “Nunquam
624 2601 699 2648 earn
714 2579 858 2648 antehac
872 2578 973 2661 vidi‚”
988 2578 1112 2648 mutiit
1139 2576 1313 2648 “Primum

316 2698 423 2760 quum
438 2677 584 2761 effigiem
599 2678 714 2762 aspexi
735 2679 870 2748 novisse
885 2700 940 2748 me
955 2700 1031 2748 eam
1047 2677 1254 2760 existimavi;
1276 2684 1314 2747 at

314 2776 386 2848 haec
400 2800 468 2847 non
481 2778 601 2848 eadem
615 2779 736 2850 mulier
751 2780 834 2849 est.”

399 2894 512 2965 “Num
528 2903 568 2966 tu
584 2918 704 2966 revera
719 2917 914 2966 asseverare
934 2895 1017 2978 vis,”
1040 2894 1166 2965 acriter
1190 2895 1314 2978 quaen't

316 2994 476 3078 Godirey,
493 2995 614 3066 “istam
629 3018 697 3066 non
713 2995 855 3066 eandem
870 3018 942 3067 esse
966 2996 1143 3067 mulierem
1158 3017 1237 3079 quae
1250 2996 1314 3066 hac

316 3117 457 3178 vespera
473 3097 594 3166 herum
610 3097 756 3166 Vantine
771 3097 884 3166 visum
899 3095 1084 3166 venerat?'’

398 3197 529 3279 Rogers
543 3197 668 3266 iterum
683 3204 772 3266 nutu
788 3197 938 3278 negavit.

399 3313 562 3383 “Minime
577 3315 745 3396 omnino,’'
762 3314 956 3383 obtestatur
970 3313 1043 3394 ille;
1070 3311 1163 3383 “haec
1187 3335 1315 3396 nequa·

316 3435 418 3496 quam
433 3415 552 3483 eadem
566 3414 689 3484 mulier
704 3419 764 3483 est.
788 3415 858 3484 Ista
873 3413 963 3482 enim
979 3420 1082 3483 aetate
1095 3414 1206 3483 minor
1230 3413 1312 3482 est.”

399 3531 549 3613 Godtrey
563 3531 646 3600 nihil
661 3529 854 3613 respondit;
879 3531 938 3600 sed
962 3529 1113 3600 consedit
1137 3530 1310 3612 oculisque

315 3631 584 3714 prosequebatur
597 3632 736 3714 Rogers,
753 3631 836 3701 dum
851 3631 904 3700 hic
920 3631 1033 3700 iacens
1060 3630 1210 3713 effigiem
1241 3651 1314 3713 spe·

317 3731 443 3814 ctabat,
459 3753 567 3815 quum
582 3732 717 3801 interim
732 3731 851 3800 vultus
857 3731 887 3799 ei
901 3731 1094 3800 mollescere
1106 3729 1208 3814 coepit
1220 3729 1317 3813 quasi

317 3839 443 3901 tenerae
458 3831 636 3902 cuiusdam
651 3831 824 3901 memoriae
839 3831 971 3900 afflatu.

406 3947 595 4032 “Agedum,
610 3949 771 4031 Rogersss’
788 3948 934 4031 denique
944 3947 1107 4017 hortabar
1120 3968 1210 4016 eum.
1222 3945 1315 4016 “Sat-

317 4049 370 4118 ius
383 4047 444 4118 tibi
459 4049 524 4118 erit
535 4054 659 4118 cuncta
674 4069 752 4131 quae
767 4048 832 4118 scis
845 4047 997 4132 prodere.
1007 4047 1041 4118 Si
1050 4047 1116 4117 ista
1126 4046 1247 4117 mulier
1262 4069 1316 4116 ea·

317 4148 393 4218 dem
407 4156 470 4232 est,
484 4148 626 4218 fatere.'’
