<?xml version="1.0" encoding="UTF-8"?>
<!DOCTYPE html PUBLIC "-//W3C//DTD XHTML 1.0 Transitional//EN"
    "http://www.w3.org/TR/xhtml1/DTD/xhtml1-transitional.dtd">
<html xmlns="http://www.w3.org/1999/xhtml" xml:lang="en" lang="en">
 <head>
  <title>
</title>
<meta http-equiv="Content-Type" content="text/html;charset=utf-8" />
  <meta name='ocr-system' content='tesseract 3.04.00' />
  <meta name='ocr-capabilities' content='ocr_page ocr_carea ocr_par ocr_line ocrx_word'/>
</head>
<body>
  <div class='ocr_page' id='page_1' title='image "./mysteriumarcbou00mogygoog/mysteriumarcbou00mogygoog_0226.png"; bbox 0 0 3536 5156; ppageno 0'>
   <div class='ocr_carea' id='block_1_1' title="bbox 767 949 1362 1020">
    <p class='ocr_par' dir='ltr' id='par_1_1' title="bbox 767 949 1362 1020">
     <span class='ocr_line' id='line_1_1' title="bbox 767 949 1362 1020; baseline 0 -2"><span class='ocrx_word' id='word_1_1' title='bbox 767 953 952 1020; x_wconf 78' lang='lat' dir='ltr'><strong>annosum</strong></span> <span class='ocrx_word' id='word_1_2' title='bbox 1299 949 1362 1018; x_wconf 93' lang='lat'><strong>211</strong></span> 
     </span>
    </p>
   </div>
   <div class='ocr_carea' id='block_1_2' title="bbox 361 1131 1364 1618">
    <p class='ocr_par' dir='ltr' id='par_1_2' title="bbox 361 1131 1364 1618">
     <span class='ocr_line' id='line_1_2' title="bbox 361 1131 1364 1217; baseline 0.002 -17"><span class='ocrx_word' id='word_1_3' title='bbox 361 1137 455 1201; x_wconf 87' lang='lat' dir='ltr'><strong>stans</strong></span> <span class='ocrx_word' id='word_1_4' title='bbox 480 1154 499 1201; x_wconf 92' lang='lat' dir='ltr'><strong>e</strong></span> <span class='ocrx_word' id='word_1_5' title='bbox 525 1132 663 1204; x_wconf 93' lang='lat' dir='ltr'><strong>decuria</strong></span> <span class='ocrx_word' id='word_1_6' title='bbox 688 1135 940 1216; x_wconf 84' lang='lat' dir='ltr'>speculatorum</span> <span class='ocrx_word' id='word_1_7' title='bbox 964 1134 1048 1217; x_wconf 88' lang='lat' dir='ltr'><strong>est,”</strong></span> <span class='ocrx_word' id='word_1_8' title='bbox 1075 1155 1143 1217; x_wconf 87' lang='lat' dir='ltr'><strong>quo</strong></span> <span class='ocrx_word' id='word_1_9' title='bbox 1167 1134 1257 1203; x_wconf 90' lang='lat' dir='ltr'><strong>dicto</strong></span> <span class='ocrx_word' id='word_1_10' title='bbox 1279 1131 1364 1204; x_wconf 89' lang='lat' dir='ltr'><strong>Sim·</strong></span> 
     </span>
     <span class='ocr_line' id='line_1_3' title="bbox 362 1233 1363 1317; baseline 0.001 -16"><span class='ocrx_word' id='word_1_11' title='bbox 362 1233 482 1302; x_wconf 93' lang='lat' dir='ltr'><strong>monds</strong></span> <span class='ocrx_word' id='word_1_12' title='bbox 505 1255 606 1302; x_wconf 93' lang='lat' dir='ltr'><strong>suum</strong></span> <span class='ocrx_word' id='word_1_13' title='bbox 632 1235 764 1317; x_wconf 85' lang='lat' dir='ltr'>insigne</span> <span class='ocrx_word' id='word_1_14' title='bbox 790 1235 953 1305; x_wconf 86' lang='lat' dir='ltr'><strong>exhibuit.</strong></span> <span class='ocrx_word' id='word_1_15' title='bbox 990 1233 1078 1304; x_wconf 88' lang='lat' dir='ltr'><strong>“Res</strong></span> <span class='ocrx_word' id='word_1_16' title='bbox 1092 1233 1189 1303; x_wconf 94' lang='lat' dir='ltr'><strong>nobis</strong></span> <span class='ocrx_word' id='word_1_17' title='bbox 1204 1233 1246 1302; x_wconf 94' lang='lat' dir='ltr'><strong>ad</strong></span> <span class='ocrx_word' id='word_1_18' title='bbox 1263 1233 1363 1303; x_wconf 88' lang='lat' dir='ltr'><strong>decu-</strong></span> 
     </span>
     <span class='ocr_line' id='line_1_4' title="bbox 362 1333 1360 1418; baseline 0 -17"><span class='ocrx_word' id='word_1_19' title='bbox 362 1333 447 1402; x_wconf 84' lang='lat' dir='ltr'><strong>riam</strong></span> <span class='ocrx_word' id='word_1_20' title='bbox 463 1334 644 1403; x_wconf 80' lang='lat' dir='ltr'><strong>referenda</strong></span> <span class='ocrx_word' id='word_1_21' title='bbox 659 1335 742 1416; x_wconf 89' lang='lat' dir='ltr'><strong>est‚”</strong></span> <span class='ocrx_word' id='word_1_22' title='bbox 758 1335 870 1418; x_wconf 84' lang='lat' dir='ltr'><strong>pergit</strong></span> <span class='ocrx_word' id='word_1_23' title='bbox 885 1335 1047 1418; x_wconf 81' lang='lat' dir='ltr'><strong>Godirey,</strong></span> <span class='ocrx_word' id='word_1_24' title='bbox 1074 1333 1191 1417; x_wconf 89' lang='lat' dir='ltr'><strong>“proin</strong></span> <span class='ocrx_word' id='word_1_25' title='bbox 1208 1333 1270 1403; x_wconf 91' lang='lat' dir='ltr'><strong>tibi</strong></span> <span class='ocrx_word' id='word_1_26' title='bbox 1285 1353 1360 1402; x_wconf 88' lang='lat' dir='ltr'><strong>sua-</strong></span> 
     </span>
     <span class='ocr_line' id='line_1_5' title="bbox 362 1433 1360 1518; baseline 0.001 -17"><span class='ocrx_word' id='word_1_27' title='bbox 362 1433 426 1502; x_wconf 87' lang='lat' dir='ltr'><strong>deo</strong></span> <span class='ocrx_word' id='word_1_28' title='bbox 451 1441 492 1504; x_wconf 93' lang='lat' dir='ltr'><strong>ut</strong></span> <span class='ocrx_word' id='word_1_29' title='bbox 517 1434 677 1503; x_wconf 90' lang='lat' dir='ltr'><strong>mulieres</strong></span> <span class='ocrx_word' id='word_1_30' title='bbox 692 1441 771 1503; x_wconf 89' lang='lat' dir='ltr'><strong>tuas</strong></span> <span class='ocrx_word' id='word_1_31' title='bbox 786 1434 821 1503; x_wconf 94' lang='lat' dir='ltr'><strong>in</strong></span> <span class='ocrx_word' id='word_1_32' title='bbox 836 1436 982 1518; x_wconf 87' lang='lat' dir='ltr'><strong>negotiis</strong></span> <span class='ocrx_word' id='word_1_33' title='bbox 997 1436 1067 1505; x_wconf 92' lang='lat' dir='ltr'><strong>suis</strong></span> <span class='ocrx_word' id='word_1_34' title='bbox 1081 1435 1265 1504; x_wconf 76' lang='lat' dir='ltr'><strong>contineas,</strong></span> <span class='ocrx_word' id='word_1_35' title='bbox 1281 1434 1314 1502; x_wconf 95' lang='lat' dir='ltr'>N</span> <span class='ocrx_word' id='word_1_36' title='bbox 1316 1455 1360 1503; x_wconf 92' lang='lat' dir='ltr'><strong>on</strong></span> 
     </span>
     <span class='ocr_line' id='line_1_6' title="bbox 363 1533 1142 1618; baseline 0.004 -17"><span class='ocrx_word' id='word_1_37' title='bbox 363 1533 452 1603; x_wconf 92' lang='lat' dir='ltr'><strong>enim</strong></span> <span class='ocrx_word' id='word_1_38' title='bbox 468 1535 623 1604; x_wconf 87' lang='lat' dir='ltr'><strong>existimo</strong></span> <span class='ocrx_word' id='word_1_39' title='bbox 638 1542 672 1604; x_wconf 88' lang='lat' dir='ltr'><strong>te</strong></span> <span class='ocrx_word' id='word_1_40' title='bbox 688 1535 767 1604; x_wconf 91' lang='lat' dir='ltr'><strong>huic</strong></span> <span class='ocrx_word' id='word_1_41' title='bbox 783 1535 830 1603; x_wconf 92' lang='lat' dir='ltr'><strong>rei</strong></span> <span class='ocrx_word' id='word_1_42' title='bbox 846 1534 1009 1618; x_wconf 90' lang='lat' dir='ltr'><strong>implicari</strong></span> <span class='ocrx_word' id='word_1_43' title='bbox 1023 1535 1142 1605; x_wconf 89' lang='lat' dir='ltr'><strong>velle.’&#39;</strong></span> 
     </span>
    </p>
   </div>
   <div class='ocr_carea' id='block_1_3' title="bbox 363 1651 1363 2036">
    <p class='ocr_par' dir='ltr' id='par_1_3' title="bbox 363 1651 1363 2036">
     <span class='ocr_line' id='line_1_7' title="bbox 445 1651 1362 1735; baseline 0.001 -15"><span class='ocrx_word' id='word_1_44' title='bbox 445 1651 595 1734; x_wconf 71' lang='lat' dir='ltr'><strong>“Absit&#39;&#39;</strong></span> <span class='ocrx_word' id='word_1_45' title='bbox 611 1653 771 1722; x_wconf 90' lang='lat' dir='ltr'><strong>continuo</strong></span> <span class='ocrx_word' id='word_1_46' title='bbox 785 1652 959 1735; x_wconf 87' lang='lat' dir='ltr'><strong>respondit</strong></span> <span class='ocrx_word' id='word_1_47' title='bbox 970 1653 1114 1734; x_wconf 91' lang='lat' dir='ltr'><strong>institor,</strong></span> <span class='ocrx_word' id='word_1_48' title='bbox 1130 1673 1170 1722; x_wconf 87' lang='lat' dir='ltr'><strong>ac</strong></span> <span class='ocrx_word' id='word_1_49' title='bbox 1184 1653 1268 1722; x_wconf 91' lang='lat' dir='ltr'><strong>dum</strong></span> <span class='ocrx_word' id='word_1_50' title='bbox 1278 1651 1362 1721; x_wconf 86' lang='lat' dir='ltr'><strong>Sim·</strong></span> 
     </span>
     <span class='ocr_line' id='line_1_8' title="bbox 363 1751 1363 1836; baseline 0.004 -18"><span class='ocrx_word' id='word_1_51' title='bbox 363 1751 484 1820; x_wconf 93' lang='lat' dir='ltr'><strong>monds</strong></span> <span class='ocrx_word' id='word_1_52' title='bbox 498 1753 540 1822; x_wconf 93' lang='lat' dir='ltr'><strong>ad</strong></span> <span class='ocrx_word' id='word_1_53' title='bbox 557 1753 761 1822; x_wconf 87' lang='lat' dir='ltr'><strong>edocendam</strong></span> <span class='ocrx_word' id='word_1_54' title='bbox 778 1752 949 1822; x_wconf 86' lang='lat' dir='ltr'><strong>decuriam</strong></span> <span class='ocrx_word' id='word_1_55' title='bbox 965 1752 1008 1821; x_wconf 94' lang='lat' dir='ltr'><strong>ad</strong></span> <span class='ocrx_word' id='word_1_56' title='bbox 1020 1753 1238 1836; x_wconf 90' lang='lat' dir='ltr'><strong>telephonum</strong></span> <span class='ocrx_word' id='word_1_57' title='bbox 1255 1773 1363 1822; x_wconf 87' lang='lat' dir='ltr'><strong>acces-</strong></span> 
     </span>
     <span class='ocr_line' id='line_1_9' title="bbox 363 1851 1363 1936; baseline 0.003 -16"><span class='ocrx_word' id='word_1_58' title='bbox 363 1851 415 1932; x_wconf 90' lang='lat' dir='ltr'><strong>sit,</strong></span> <span class='ocrx_word' id='word_1_59' title='bbox 431 1852 566 1920; x_wconf 88' lang='lat' dir='ltr'><strong>institor</strong></span> <span class='ocrx_word' id='word_1_60' title='bbox 580 1875 599 1921; x_wconf 92' lang='lat' dir='ltr'><strong>e</strong></span> <span class='ocrx_word' id='word_1_61' title='bbox 615 1853 778 1922; x_wconf 90' lang='lat' dir='ltr'><strong>sessibulo</strong></span> <span class='ocrx_word' id='word_1_62' title='bbox 794 1875 856 1922; x_wconf 92' lang='lat' dir='ltr'><strong>suo</strong></span> <span class='ocrx_word' id='word_1_63' title='bbox 882 1852 1064 1936; x_wconf 88' lang='lat' dir='ltr'><strong>descendit,</strong></span> <span class='ocrx_word' id='word_1_64' title='bbox 1079 1853 1122 1922; x_wconf 92' lang='lat' dir='ltr'><strong>ad</strong></span> <span class='ocrx_word' id='word_1_65' title='bbox 1139 1853 1296 1922; x_wconf 89' lang='lat' dir='ltr'><strong>mulieres</strong></span> <span class='ocrx_word' id='word_1_66' title='bbox 1309 1873 1363 1923; x_wconf 89' lang='lat' dir='ltr'><strong>ac-</strong></span> 
     </span>
     <span class='ocr_line' id='line_1_10' title="bbox 363 1952 1153 2036; baseline 0.004 -17"><span class='ocrx_word' id='word_1_67' title='bbox 363 1952 472 2033; x_wconf 88' lang='lat' dir='ltr'><strong>cessit,</strong></span> <span class='ocrx_word' id='word_1_68' title='bbox 488 1974 614 2034; x_wconf 89' lang='lat' dir='ltr'><strong>easque</strong></span> <span class='ocrx_word' id='word_1_69' title='bbox 629 1953 673 2021; x_wconf 89' lang='lat' dir='ltr'><strong>ad</strong></span> <span class='ocrx_word' id='word_1_70' title='bbox 687 1953 805 2021; x_wconf 91' lang='lat' dir='ltr'><strong>munia</strong></span> <span class='ocrx_word' id='word_1_71' title='bbox 821 1975 883 2022; x_wconf 91' lang='lat' dir='ltr'><strong>sua</strong></span> <span class='ocrx_word' id='word_1_72' title='bbox 896 1954 1031 2036; x_wconf 84' lang='lat' dir='ltr'><strong>regredi</strong></span> <span class='ocrx_word' id='word_1_73' title='bbox 1046 1953 1153 2022; x_wconf 91' lang='lat' dir='ltr'><strong>iussit.</strong></span> 
     </span>
    </p>
   </div>
   <div class='ocr_carea' id='block_1_4' title="bbox 361 2069 1363 2752">
    <p class='ocr_par' dir='ltr' id='par_1_4' title="bbox 362 2069 1361 2251">
     <span class='ocr_line' id='line_1_11' title="bbox 446 2069 1361 2152; baseline 0 -13"><span class='ocrx_word' id='word_1_74' title='bbox 446 2069 597 2152; x_wconf 80' lang='lat' dir='ltr'><strong>Godrrey</strong></span> <span class='ocrx_word' id='word_1_75' title='bbox 619 2070 754 2139; x_wconf 85' lang='lat' dir='ltr'><strong>interim</strong></span> <span class='ocrx_word' id='word_1_76' title='bbox 769 2070 812 2139; x_wconf 90' lang='lat' dir='ltr'><strong>ad</strong></span> <span class='ocrx_word' id='word_1_77' title='bbox 828 2093 882 2139; x_wconf 94' lang='lat' dir='ltr'><strong>me</strong></span> <span class='ocrx_word' id='word_1_78' title='bbox 897 2071 1038 2140; x_wconf 91' lang='lat' dir='ltr'><strong>veniens</strong></span> <span class='ocrx_word' id='word_1_79' title='bbox 1062 2091 1203 2140; x_wconf 89' lang='lat' dir='ltr'><strong>manum</strong></span> <span class='ocrx_word' id='word_1_80' title='bbox 1218 2070 1361 2141; x_wconf 92' lang='lat' dir='ltr'><strong>humero</strong></span> 
     </span>
     <span class='ocr_line' id='line_1_12' title="bbox 362 2168 595 2251; baseline 0.009 -15"><span class='ocrx_word' id='word_1_81' title='bbox 362 2168 533 2251; x_wconf 88' lang='lat' dir='ltr'><strong>imposuit,</strong></span> <span class='ocrx_word' id='word_1_82' title='bbox 550 2177 595 2251; x_wconf 90' lang='lat' dir='ltr'><strong>et,</strong></span> 
     </span>
    </p>

    <p class='ocr_par' dir='ltr' id='par_1_5' title="bbox 362 2267 1362 2438">
     <span class='ocr_line' id='line_1_13' title="bbox 445 2267 1362 2354; baseline 0.001 -15"><span class='ocrx_word' id='word_1_83' title='bbox 445 2267 526 2350; x_wconf 89' lang='lat' dir='ltr'><strong>“Va,</strong></span> <span class='ocrx_word' id='word_1_84' title='bbox 543 2270 692 2352; x_wconf 89' lang='lat' dir='ltr'><strong>Lester,”</strong></span> <span class='ocrx_word' id='word_1_85' title='bbox 707 2270 827 2353; x_wconf 92' lang='lat' dir='ltr'><strong>inquit,</strong></span> <span class='ocrx_word' id='word_1_86' title='bbox 843 2269 903 2340; x_wconf 87' lang='lat' dir='ltr'><strong>“tu</strong></span> <span class='ocrx_word' id='word_1_87' title='bbox 919 2277 1095 2354; x_wconf 88' lang='lat' dir='ltr'><strong>aspectum</strong></span> <span class='ocrx_word' id='word_1_88' title='bbox 1117 2270 1249 2354; x_wconf 87' lang='lat' dir='ltr'><strong>praebes</strong></span> <span class='ocrx_word' id='word_1_89' title='bbox 1264 2271 1362 2354; x_wconf 85' lang='lat' dir='ltr'><strong>quasi</strong></span> 
     </span>
     <span class='ocr_line' id='line_1_14' title="bbox 362 2369 630 2438; baseline 0 0"><span class='ocrx_word' id='word_1_90' title='bbox 362 2369 407 2438; x_wconf 92' lang='lat' dir='ltr'><strong>sis</strong></span> <span class='ocrx_word' id='word_1_91' title='bbox 421 2369 455 2437; x_wconf 93' lang='lat' dir='ltr'><strong>in</strong></span> <span class='ocrx_word' id='word_1_92' title='bbox 471 2370 630 2438; x_wconf 90' lang='lat' dir='ltr'><strong>ultimis.”</strong></span> 
     </span>
    </p>

    <p class='ocr_par' dir='ltr' id='par_1_6' title="bbox 361 2468 1363 2752">
     <span class='ocr_line' id='line_1_15' title="bbox 445 2468 1363 2552; baseline 0.003 -15"><span class='ocrx_word' id='word_1_93' title='bbox 445 2469 547 2538; x_wconf 87' lang='lat' dir='ltr'><strong>“Sum</strong></span> <span class='ocrx_word' id='word_1_94' title='bbox 563 2468 722 2550; x_wconf 87' lang='lat' dir='ltr'><strong>etenim,&#39;’</strong></span> <span class='ocrx_word' id='word_1_95' title='bbox 738 2471 904 2552; x_wconf 87' lang='lat' dir='ltr'><strong>respondi.</strong></span> <span class='ocrx_word' id='word_1_96' title='bbox 927 2469 1021 2540; x_wconf 88' lang='lat' dir='ltr'><strong>“Nisi</strong></span> <span class='ocrx_word' id='word_1_97' title='bbox 1039 2492 1092 2540; x_wconf 92' lang='lat' dir='ltr'><strong>res</strong></span> <span class='ocrx_word' id='word_1_98' title='bbox 1106 2471 1162 2539; x_wconf 88' lang='lat' dir='ltr'><strong>hae</strong></span> <span class='ocrx_word' id='word_1_99' title='bbox 1184 2469 1288 2540; x_wconf 92' lang='lat' dir='ltr'><strong>finem</strong></span> <span class='ocrx_word' id='word_1_100' title='bbox 1308 2493 1363 2540; x_wconf 92' lang='lat' dir='ltr'><strong>ac·</strong></span> 
     </span>
     <span class='ocr_line' id='line_1_16' title="bbox 361 2569 1361 2653; baseline 0.004 -17"><span class='ocrx_word' id='word_1_101' title='bbox 361 2569 495 2650; x_wconf 91' lang='lat' dir='ltr'><strong>cipiant,</strong></span> <span class='ocrx_word' id='word_1_102' title='bbox 522 2570 676 2638; x_wconf 88' lang='lat' dir='ltr'><strong>collabar.</strong></span> <span class='ocrx_word' id='word_1_103' title='bbox 704 2570 757 2639; x_wconf 93' lang='lat' dir='ltr'><strong>Ne</strong></span> <span class='ocrx_word' id='word_1_104' title='bbox 783 2578 822 2639; x_wconf 92' lang='lat' dir='ltr'><strong>tu</strong></span> <span class='ocrx_word' id='word_1_105' title='bbox 847 2571 983 2653; x_wconf 89' lang='lat' dir='ltr'><strong>quidem</strong></span> <span class='ocrx_word' id='word_1_106' title='bbox 998 2571 1183 2640; x_wconf 90' lang='lat' dir='ltr'><strong>admodum</strong></span> <span class='ocrx_word' id='word_1_107' title='bbox 1208 2571 1361 2640; x_wconf 88' lang='lat' dir='ltr'><strong>floridam</strong></span> 
     </span>
     <span class='ocr_line' id='line_1_17' title="bbox 362 2669 684 2752; baseline 0.006 -16"><span class='ocrx_word' id='word_1_108' title='bbox 362 2669 493 2751; x_wconf 87' lang='lat' dir='ltr'><strong>praebes</strong></span> <span class='ocrx_word' id='word_1_109' title='bbox 508 2671 684 2752; x_wconf 88' lang='lat' dir='ltr'><strong>speciem.”</strong></span> 
     </span>
    </p>
   </div>
   <div class='ocr_carea' id='block_1_5' title="bbox 361 2784 1365 3468">
    <p class='ocr_par' dir='ltr' id='par_1_7' title="bbox 362 2784 1363 3057">
     <span class='ocr_line' id='line_1_18' title="bbox 446 2784 1363 2869; baseline 0.003 -14"><span class='ocrx_word' id='word_1_110' title='bbox 446 2784 499 2855; x_wconf 88' lang='lat' dir='ltr'><strong>“N</strong></span> <span class='ocrx_word' id='word_1_111' title='bbox 501 2809 538 2855; x_wconf 92' lang='lat' dir='ltr'><strong>ec</strong></span> <span class='ocrx_word' id='word_1_112' title='bbox 554 2787 707 2869; x_wconf 80' lang='lat' dir='ltr'><strong>proiecto</strong></span> <span class='ocrx_word' id='word_1_113' title='bbox 723 2787 836 2856; x_wconf 90' lang='lat' dir='ltr'><strong>floreo.</strong></span> <span class='ocrx_word' id='word_1_114' title='bbox 872 2787 1007 2857; x_wconf 86' lang='lat' dir='ltr'><strong>Etenim</strong></span> <span class='ocrx_word' id='word_1_115' title='bbox 1023 2788 1086 2857; x_wconf 91' lang='lat' dir='ltr'><strong>sivi</strong></span> <span class='ocrx_word' id='word_1_116' title='bbox 1102 2794 1143 2857; x_wconf 92' lang='lat' dir='ltr'><strong>ut</strong></span> <span class='ocrx_word' id='word_1_117' title='bbox 1157 2788 1212 2857; x_wconf 89' lang='lat' dir='ltr'><strong>ille</strong></span> <span class='ocrx_word' id='word_1_118' title='bbox 1237 2788 1363 2859; x_wconf 87' lang='lat' dir='ltr'><strong>nebulo</strong></span> 
     </span>
     <span class='ocr_line' id='line_1_19' title="bbox 362 2885 1363 2958; baseline 0.005 -5"><span class='ocrx_word' id='word_1_119' title='bbox 362 2885 532 2954; x_wconf 92' lang='lat' dir='ltr'><strong>hominem</strong></span> <span class='ocrx_word' id='word_1_120' title='bbox 558 2909 670 2956; x_wconf 88' lang='lat' dir='ltr'><strong>coram</strong></span> <span class='ocrx_word' id='word_1_121' title='bbox 697 2910 751 2956; x_wconf 92' lang='lat' dir='ltr'><strong>me</strong></span> <span class='ocrx_word' id='word_1_122' title='bbox 777 2888 943 2957; x_wconf 89' lang='lat' dir='ltr'><strong>occideret</strong></span> <span class='ocrx_word' id='word_1_123' title='bbox 968 2923 1010 2932; x_wconf 90' lang='lat'><em>—</em></span> <span class='ocrx_word' id='word_1_124' title='bbox 1035 2888 1098 2958; x_wconf 94' lang='lat' dir='ltr'><strong>sub</strong></span> <span class='ocrx_word' id='word_1_125' title='bbox 1122 2888 1227 2958; x_wconf 88' lang='lat' dir='ltr'><strong>oculis</strong></span> <span class='ocrx_word' id='word_1_126' title='bbox 1242 2909 1363 2958; x_wconf 90' lang='lat' dir='ltr'><strong>revera</strong></span> 
     </span>
     <span class='ocr_line' id='line_1_20' title="bbox 363 2984 843 3057; baseline 0.006 -3"><span class='ocrx_word' id='word_1_127' title='bbox 363 2984 464 3054; x_wconf 89' lang='lat' dir='ltr'><strong>meis!</strong></span> <span class='ocrx_word' id='word_1_128' title='bbox 481 3021 521 3030; x_wconf 91' lang='lat'><em>-</em></span> <span class='ocrx_word' id='word_1_129' title='bbox 536 2993 572 3055; x_wconf 90' lang='lat' dir='ltr'><strong>et</strong></span> <span class='ocrx_word' id='word_1_130' title='bbox 587 2994 628 3056; x_wconf 94' lang='lat' dir='ltr'><strong>ut</strong></span> <span class='ocrx_word' id='word_1_131' title='bbox 643 2987 804 3057; x_wconf 88' lang='lat' dir='ltr'><strong>evaderet</strong></span> <span class='ocrx_word' id='word_1_132' title='bbox 815 2988 843 3056; x_wconf 88' lang='lat'><strong>!”</strong></span> 
     </span>
    </p>

    <p class='ocr_par' dir='ltr' id='par_1_8' title="bbox 452 3084 1365 3170">
     <span class='ocr_line' id='line_1_21' title="bbox 452 3084 1365 3170; baseline 0.003 -15"><span class='ocrx_word' id='word_1_133' title='bbox 452 3084 521 3155; x_wconf 88' lang='lat' dir='ltr'><strong>“Ut</strong></span> <span class='ocrx_word' id='word_1_134' title='bbox 530 3085 702 3156; x_wconf 91' lang='lat' dir='ltr'><strong>hominem</strong></span> <span class='ocrx_word' id='word_1_135' title='bbox 712 3088 920 3158; x_wconf 78' lang='lat' dir='ltr'><strong>occideret?&#39;’</strong></span> <span class='ocrx_word' id='word_1_136' title='bbox 931 3095 1056 3170; x_wconf 89' lang='lat' dir='ltr'><strong>repeto.</strong></span> <span class='ocrx_word' id='word_1_137' title='bbox 1067 3085 1191 3158; x_wconf 89' lang='lat' dir='ltr'><strong>“Aisne</strong></span> <span class='ocrx_word' id='word_1_138' title='bbox 1202 3089 1365 3158; x_wconf 82' lang='lat' dir='ltr'><strong>revera?”</strong></span> 
     </span>
    </p>

    <p class='ocr_par' dir='ltr' id='par_1_9' title="bbox 361 3184 1364 3468">
     <span class='ocr_line' id='line_1_22' title="bbox 446 3184 1364 3271; baseline 0.005 -18"><span class='ocrx_word' id='word_1_139' title='bbox 446 3184 619 3255; x_wconf 83' lang='lat' dir='ltr'><strong>“Ascende</strong></span> <span class='ocrx_word' id='word_1_140' title='bbox 645 3187 679 3255; x_wconf 92' lang='lat' dir='ltr'><strong>in</strong></span> <span class='ocrx_word' id='word_1_141' title='bbox 700 3209 775 3256; x_wconf 91' lang='lat' dir='ltr'><strong>eam</strong></span> <span class='ocrx_word' id='word_1_142' title='bbox 789 3189 1088 3270; x_wconf 82' lang='lat' dir='ltr'><strong>contignationem,</strong></span> <span class='ocrx_word' id='word_1_143' title='bbox 1114 3210 1282 3271; x_wconf 87' lang='lat' dir='ltr'><strong>cemeque</strong></span> <span class='ocrx_word' id='word_1_144' title='bbox 1307 3189 1364 3258; x_wconf 94' lang='lat' dir='ltr'><strong>de-</strong></span> 
     </span>
     <span class='ocr_line' id='line_1_23' title="bbox 361 3285 1362 3369; baseline 0.005 -16"><span class='ocrx_word' id='word_1_145' title='bbox 361 3291 474 3354; x_wconf 84' lang='lat' dir='ltr'><strong>xtram</strong></span> <span class='ocrx_word' id='word_1_146' title='bbox 491 3285 631 3354; x_wconf 87' lang='lat' dir='ltr'><strong>manum</strong></span> <span class='ocrx_word' id='word_1_147' title='bbox 655 3287 807 3356; x_wconf 85' lang='lat' dir='ltr'><strong>cadvcris</strong></span> <span class='ocrx_word' id='word_1_148' title='bbox 822 3287 867 3356; x_wconf 93' lang='lat' dir='ltr'><strong>ibi</strong></span> <span class='ocrx_word' id='word_1_149' title='bbox 884 3287 1054 3369; x_wconf 86' lang='lat' dir='ltr'><strong>iacentis,&#39;’</strong></span> <span class='ocrx_word' id='word_1_150' title='bbox 1078 3288 1228 3358; x_wconf 87' lang='lat' dir='ltr'><strong>breviter</strong></span> <span class='ocrx_word' id='word_1_151' title='bbox 1254 3290 1362 3359; x_wconf 81' lang='lat' dir='ltr'><strong>refert</strong></span> 
     </span>
     <span class='ocr_line' id='line_1_24' title="bbox 367 3384 1004 3468; baseline 0.005 -14"><span class='ocrx_word' id='word_1_152' title='bbox 367 3384 528 3467; x_wconf 76' lang='lat' dir='ltr'><strong>Godirey,</strong></span> <span class='ocrx_word' id='word_1_153' title='bbox 545 3384 642 3454; x_wconf 90' lang='lat' dir='ltr'><strong>“tum</strong></span> <span class='ocrx_word' id='word_1_154' title='bbox 656 3387 740 3455; x_wconf 93' lang='lat' dir='ltr'><strong>scies</strong></span> <span class='ocrx_word' id='word_1_155' title='bbox 755 3387 836 3468; x_wconf 86' lang='lat' dir='ltr'><strong>quid</strong></span> <span class='ocrx_word' id='word_1_156' title='bbox 853 3387 962 3456; x_wconf 91' lang='lat' dir='ltr'><strong>dicam</strong></span> <span class='ocrx_word' id='word_1_157' title='bbox 975 3387 1004 3456; x_wconf 84' lang='lat'><strong>!’&#39;</strong></span> 
     </span>
    </p>
   </div>
   <div class='ocr_carea' id='block_1_6' title="bbox 362 3500 1362 3887">
    <p class='ocr_par' dir='ltr' id='par_1_10' title="bbox 362 3500 1362 3887">
     <span class='ocr_line' id='line_1_25' title="bbox 445 3500 1362 3586; baseline 0.002 -16"><span class='ocrx_word' id='word_1_158' title='bbox 445 3500 593 3583; x_wconf 89' lang='lat' dir='ltr'><strong>Stupens</strong></span> <span class='ocrx_word' id='word_1_159' title='bbox 607 3502 652 3570; x_wconf 92' lang='lat' dir='ltr'><strong>ibi</strong></span> <span class='ocrx_word' id='word_1_160' title='bbox 667 3501 747 3584; x_wconf 92' lang='lat' dir='ltr'><strong>sedi,</strong></span> <span class='ocrx_word' id='word_1_161' title='bbox 763 3525 825 3571; x_wconf 92' lang='lat' dir='ltr'><strong>nec</strong></span> <span class='ocrx_word' id='word_1_162' title='bbox 841 3503 977 3573; x_wconf 91' lang='lat' dir='ltr'><strong>credere</strong></span> <span class='ocrx_word' id='word_1_163' title='bbox 992 3504 1085 3586; x_wconf 90' lang='lat' dir='ltr'><strong>quivi</strong></span> <span class='ocrx_word' id='word_1_164' title='bbox 1102 3527 1155 3574; x_wconf 92' lang='lat' dir='ltr'><strong>me</strong></span> <span class='ocrx_word' id='word_1_165' title='bbox 1166 3511 1258 3574; x_wconf 90' lang='lat' dir='ltr'><strong>recte</strong></span> <span class='ocrx_word' id='word_1_166' title='bbox 1268 3503 1362 3573; x_wconf 93' lang='lat' dir='ltr'><strong>audi·</strong></span> 
     </span>
     <span class='ocr_line' id='line_1_26' title="bbox 362 3601 1361 3686; baseline 0.005 -17"><span class='ocrx_word' id='word_1_167' title='bbox 362 3601 470 3682; x_wconf 91' lang='lat' dir='ltr'><strong>visse;</strong></span> <span class='ocrx_word' id='word_1_168' title='bbox 498 3624 559 3670; x_wconf 93' lang='lat' dir='ltr'><strong>nec</strong></span> <span class='ocrx_word' id='word_1_169' title='bbox 575 3602 712 3671; x_wconf 89' lang='lat' dir='ltr'><strong>credere</strong></span> <span class='ocrx_word' id='word_1_170' title='bbox 727 3603 882 3673; x_wconf 89' lang='lat' dir='ltr'><strong>valebam</strong></span> <span class='ocrx_word' id='word_1_171' title='bbox 899 3603 1051 3686; x_wconf 80' lang='lat' dir='ltr'><strong>Godrrey</strong></span> <span class='ocrx_word' id='word_1_172' title='bbox 1065 3627 1105 3674; x_wconf 89' lang='lat' dir='ltr'><strong>ea</strong></span> <span class='ocrx_word' id='word_1_173' title='bbox 1119 3604 1224 3674; x_wconf 87' lang='lat' dir='ltr'><strong>verba</strong></span> <span class='ocrx_word' id='word_1_174' title='bbox 1239 3626 1361 3675; x_wconf 89' lang='lat' dir='ltr'><strong>revera</strong></span> 
     </span>
     <span class='ocr_line' id='line_1_27' title="bbox 363 3703 1361 3782; baseline 0.004 -12"><span class='ocrx_word' id='word_1_175' title='bbox 363 3703 541 3782; x_wconf 90' lang='lat' dir='ltr'><strong>protulisse</strong></span> <span class='ocrx_word' id='word_1_176' title='bbox 553 3757 560 3770; x_wconf 92' lang='lat'>.</span> <span class='ocrx_word' id='word_1_177' title='bbox 571 3756 578 3770; x_wconf 93' lang='lat'><strong>.</strong></span> <span class='ocrx_word' id='word_1_178' title='bbox 590 3756 597 3771; x_wconf 93' lang='lat'><strong>.</strong></span> <span class='ocrx_word' id='word_1_179' title='bbox 609 3724 750 3771; x_wconf 90' lang='lat' dir='ltr'><strong>manum</strong></span> <span class='ocrx_word' id='word_1_180' title='bbox 764 3704 920 3773; x_wconf 87' lang='lat' dir='ltr'><strong>dextram</strong></span> <span class='ocrx_word' id='word_1_181' title='bbox 936 3703 1080 3773; x_wconf 92' lang='lat' dir='ltr'><strong>hominis</strong></span> <span class='ocrx_word' id='word_1_182' title='bbox 1090 3705 1155 3774; x_wconf 93' lang='lat' dir='ltr'><strong>illic</strong></span> <span class='ocrx_word' id='word_1_183' title='bbox 1166 3705 1324 3774; x_wconf 88' lang='lat' dir='ltr'><strong>iacentis.</strong></span> <span class='ocrx_word' id='word_1_184' title='bbox 1334 3759 1361 3774; x_wconf 89' lang='lat'><strong>..</strong></span> 
     </span>
     <span class='ocr_line' id='line_1_28' title="bbox 363 3802 1101 3887; baseline 0.005 -18"><span class='ocrx_word' id='word_1_185' title='bbox 363 3802 397 3872; x_wconf 93' lang='lat' dir='ltr'><strong>id</strong></span> <span class='ocrx_word' id='word_1_186' title='bbox 413 3824 521 3871; x_wconf 88' lang='lat' dir='ltr'><strong>unum</strong></span> <span class='ocrx_word' id='word_1_187' title='bbox 537 3810 674 3872; x_wconf 90' lang='lat' dir='ltr'><strong>tantum</strong></span> <span class='ocrx_word' id='word_1_188' title='bbox 689 3803 877 3885; x_wconf 87' lang='lat' dir='ltr'><strong>significare</strong></span> <span class='ocrx_word' id='word_1_189' title='bbox 893 3811 1051 3887; x_wconf 86' lang='lat' dir='ltr'><strong>poterat.</strong></span> <span class='ocrx_word' id='word_1_190' title='bbox 1068 3857 1075 3873; x_wconf 91' lang='lat'><strong>.</strong></span> <span class='ocrx_word' id='word_1_191' title='bbox 1093 3859 1101 3873; x_wconf 93' lang='lat'>.</span> 
     </span>
    </p>
   </div>
   <div class='ocr_carea' id='block_1_7' title="bbox 360 3911 1363 4323">
    <p class='ocr_par' dir='ltr' id='par_1_11' title="bbox 361 3911 1362 4102">
     <span class='ocr_line' id='line_1_29' title="bbox 400 3911 1362 3996; baseline 0.005 -8"><span class='ocrx_word' id='word_1_192' title='bbox 400 3911 405 3928; x_wconf 84' lang='lat'>&#39;</span> <span class='ocrx_word' id='word_1_193' title='bbox 445 3918 636 3988; x_wconf 89' lang='lat' dir='ltr'><strong>Simmonds</strong></span> <span class='ocrx_word' id='word_1_194' title='bbox 653 3926 750 3989; x_wconf 90' lang='lat' dir='ltr'><strong>torvo</strong></span> <span class='ocrx_word' id='word_1_195' title='bbox 766 3921 836 3989; x_wconf 91' lang='lat' dir='ltr'><strong>risu</strong></span> <span class='ocrx_word' id='word_1_196' title='bbox 850 3921 885 3989; x_wconf 93' lang='lat' dir='ltr'><strong>in</strong></span> <span class='ocrx_word' id='word_1_197' title='bbox 901 3920 998 3991; x_wconf 89' lang='lat' dir='ltr'><strong>labiis</strong></span> <span class='ocrx_word' id='word_1_198' title='bbox 1022 3921 1118 3991; x_wconf 89' lang='lat' dir='ltr'><strong>nobis</strong></span> <span class='ocrx_word' id='word_1_199' title='bbox 1138 3944 1174 3991; x_wconf 87' lang='lat' dir='ltr'><strong>se</strong></span> <span class='ocrx_word' id='word_1_200' title='bbox 1197 3921 1362 3996; x_wconf 80' lang='lat' dir='ltr'><strong>adiunxit</strong></span> 
     </span>
     <span class='ocr_line' id='line_1_30' title="bbox 361 4018 1305 4102; baseline 0.003 -15"><span class='ocrx_word' id='word_1_201' title='bbox 361 4018 421 4087; x_wconf 92' lang='lat' dir='ltr'><strong>sed</strong></span> <span class='ocrx_word' id='word_1_202' title='bbox 436 4027 471 4087; x_wconf 89' lang='lat' dir='ltr'><strong>et</strong></span> <span class='ocrx_word' id='word_1_203' title='bbox 486 4020 557 4101; x_wconf 87' lang='lat' dir='ltr'><strong>ipse</strong></span> <span class='ocrx_word' id='word_1_204' title='bbox 573 4020 665 4089; x_wconf 93' lang='lat' dir='ltr'><strong>haud</strong></span> <span class='ocrx_word' id='word_1_205' title='bbox 681 4042 801 4102; x_wconf 88' lang='lat' dir='ltr'><strong>parum</strong></span> <span class='ocrx_word' id='word_1_206' title='bbox 819 4043 1003 4091; x_wconf 92' lang='lat' dir='ltr'><strong>concussus</strong></span> <span class='ocrx_word' id='word_1_207' title='bbox 1017 4022 1098 4090; x_wconf 93' lang='lat' dir='ltr'><strong>mihi</strong></span> <span class='ocrx_word' id='word_1_208' title='bbox 1114 4021 1305 4091; x_wconf 90' lang='lat' dir='ltr'><strong>videbatur.</strong></span> 
     </span>
    </p>

    <p class='ocr_par' dir='ltr' id='par_1_12' title="bbox 445 4135 1363 4221">
     <span class='ocr_line' id='line_1_31' title="bbox 445 4135 1363 4221; baseline 0.005 -17"><span class='ocrx_word' id='word_1_209' title='bbox 445 4135 504 4204; x_wconf 89' lang='lat' dir='ltr'><strong>“In</strong></span> <span class='ocrx_word' id='word_1_210' title='bbox 522 4137 635 4218; x_wconf 86' lang='lat' dir='ltr'><strong>Grady</strong></span> <span class='ocrx_word' id='word_1_211' title='bbox 651 4137 782 4220; x_wconf 86' lang='lat' dir='ltr'><strong>incidi,&#39;’</strong></span> <span class='ocrx_word' id='word_1_212' title='bbox 799 4138 856 4220; x_wconf 90' lang='lat' dir='ltr'><strong>ait,</strong></span> <span class='ocrx_word' id='word_1_213' title='bbox 880 4136 1047 4220; x_wconf 87' lang='lat' dir='ltr'><strong>“eumque</strong></span> <span class='ocrx_word' id='word_1_214' title='bbox 1062 4138 1145 4221; x_wconf 85' lang='lat' dir='ltr'><strong>quid</strong></span> <span class='ocrx_word' id='word_1_215' title='bbox 1159 4138 1213 4208; x_wconf 91' lang='lat' dir='ltr'><strong>hic</strong></span> <span class='ocrx_word' id='word_1_216' title='bbox 1228 4139 1363 4209; x_wconf 83' lang='lat' dir='ltr'><strong>accidis</strong></span> 
     </span>
    </p>

    <p class='ocr_par' dir='ltr' id='par_1_13' title="bbox 360 4237 1362 4323">
     <span class='ocr_line' id='line_1_32' title="bbox 360 4237 1362 4323; baseline 0.003 -17"><span class='ocrx_word' id='word_1_217' title='bbox 360 4245 422 4319; x_wconf 89' lang='lat' dir='ltr'><strong>set,</strong></span> <span class='ocrx_word' id='word_1_218' title='bbox 438 4237 545 4306; x_wconf 93' lang='lat' dir='ltr'><strong>docui.</strong></span> <span class='ocrx_word' id='word_1_219' title='bbox 562 4237 747 4320; x_wconf 89' lang='lat' dir='ltr'><strong>Respondit</strong></span> <span class='ocrx_word' id='word_1_220' title='bbox 763 4260 798 4308; x_wconf 92' lang='lat' dir='ltr'><strong>se</strong></span> <span class='ocrx_word' id='word_1_221' title='bbox 814 4239 959 4322; x_wconf 83' lang='lat' dir='ltr'><strong>negotiis</strong></span> <span class='ocrx_word' id='word_1_222' title='bbox 973 4239 1073 4308; x_wconf 91' lang='lat' dir='ltr'><strong>nimis</strong></span> <span class='ocrx_word' id='word_1_223' title='bbox 1088 4238 1266 4308; x_wconf 90' lang='lat' dir='ltr'><strong>detentum</strong></span> <span class='ocrx_word' id='word_1_224' title='bbox 1280 4260 1362 4323; x_wconf 86' lang='lat' dir='ltr'><strong>quo</strong></span> 
     </span>
    </p>
   </div>
   <div class='ocr_carea' id='block_1_8' title="bbox 0 0 1774 5156">
    <p class='ocr_par' dir='ltr' id='par_1_14' title="bbox 0 0 1774 5156">
     <span class='ocr_line' id='line_1_33' title="bbox 0 0 1774 5156; baseline 0 0"><span class='ocrx_word' id='word_1_225' title='bbox 0 0 1774 5156; x_wconf 95' lang='lat' dir='ltr'><strong> </strong></span> 
     </span>
    </p>
   </div>
  </div>
 </body>
</html>
