3554 5156
725 925 1030 982 mnnnmnonm
1314 905 1376 978 115

375 1101 438 1166 ret
449 1094 675 1166 circuivimus
689 1095 928 1180 pedeplanum¹
942 1093 1135 1179 indagando
1150 1091 1233 1178 quin
1247 1089 1375 1174 aliquid

375 1195 538 1266 momenti
552 1195 803 1279 reperissemus

448 1292 1376 1380 “Inspiciarnusnunccarpusculum,”invitatilledeor·

375 1417 520 1480 sumque
534 1417 596 1480 per
609 1395 738 1480 gradus
751 1397 842 1467 marn
853 1397 959 1468 flectit
969 1397 1017 1466 ita
1028 1403 1177 1480 paratus,
1187 1394 1314 1464 utinde
1326 1393 1376 1463 in-

372 1495 574 1568 tellexissem
589 1517 669 1567 eum
683 1495 752 1567 iam
767 1503 869 1568 antea
879 1496 1019 1567 domum
1028 1501 1280 1580 perscrutatum
1289 1515 1372 1564 esse.

458 1597 497 1666 ln
513 1596 626 1668 culina
638 1596 844 1667 offendimus
863 1619 979 1667 coeam
1001 1603 1107 1679 atque
1128 1595 1281 1665 ancillam
1303 1597 1375 1664 uni

375 1696 531 1767 sedentes
546 1704 582 1767 et
596 1697 766 1768 submissa
781 1719 863 1767 voce
878 1699 1118 1780 colloquentes.
1143 1695 1299 1768 Sollicitae
1312 1716 1375 1764 nos

374 1796 627 1881 exspectabant,
640 1796 700 1867 sed
715 1819 780 1880 ego
806 1797 849 1867 ad
872 1797 1003 1868 animos
1025 1817 1144 1867 earum
1165 1796 1376 1880 permulcen-

373 1895 434 1967 dos
447 1897 593 1980 constiti,
608 1897 692 1967 dum
707 1897 858 1980 Godirey
871 1896 1095 1968 nmabundus
1108 1897 1280 1981 processit.
1293 1896 1374 1966 Mox

372 2018 452 2067 eum
466 2019 522 2067 me
535 2004 716 2067 vocantem
731 1996 858 2068 audivi.

458 2097 548 2166 Eum
572 2095 608 2166 in
630 2119 765 2167 camera
779 2097 927 2180 quadam
951 2097 1059 2168 veluti
1085 2097 1269 2180 ruderarie,
1294 2103 1375 2166 ante

373 2197 542 2282 singulam
557 2197 631 2268 eius
644 2197 842 2280 fenestram
857 2197 1026 2268 laternula
1040 2197 1194 2268 electrica
1207 2197 1243 2267 in
1258 2219 1374 2281 manu,

372 2303 521 2367 stantem
536 2296 644 2381 reperi

456 2393 599 2480 “Specta
612 2398 713 2468 modo
728 2398 800 2482 eo,”
815 2420 900 2469 voce
914 2405 1012 2468 motu
1027 2397 1131 2468 animi
1153 2397 1300 2469 tremula
1323 2420 1375 2468 ra-

372 2497 435 2567 diis
450 2497 586 2568 luminis
601 2519 642 2569 eo
657 2498 753 2568 flexis
774 2498 1008 2568 commisuras²
1029 2497 1249 2582 quadraturae
1271 2499 1375 2568 unius

372 2598 535 2668 fenestrae
548 2597 738 2682 superiores
753 2606 789 2670 et
803 2599 982 2668 inferiores
996 2598 1133 2668 indicat.

456 2696 647 2782 “Quidnam
660 2699 695 2768 id
710 2699 807 2769 cst?”
824 2721 940 2783 quaero
957 2705 1133 2769 momento
1148 2705 1234 2782 post.
1260 2697 1375 2768 “Nihil

372 2797 453 2868 mali
466 2797 599 2868 cemo.”
1061 2881 1064 2888 Ι

455 2896 636 2970 “Nihilne?
649 2900 682 2969 N
684 2919 772 2968 onne
782 2898 879 2970 vides
888 2905 1026 2983 paratas
1035 2897 1172 2970 insidias
1180 2899 1320 2968 domum
1331 2898 1373 2968 is

254 3015 257 3022 ’
370 2997 829 3070 tamhacnocteinvadendi?
841 2999 1011 3081 Quidnam
1025 2999 1089 3069 hoc
1105 2998 1371 3070 aliudindicatl'’

453 3097 579 3182 Ungue
599 3098 706 3182 igitur
728 3099 833 3170 unius
854 3099 952 3183 digiti
975 3107 1128 3169 extrema
1150 3098 1272 3169 tortilis
1286 3100 1372 3168 inte·

369 3197 447 3370 {31
450 3199 603 3370 rfeulussit
626 3199 698 3270 lam
712 3220 804 3270 nunc
820 3206 855 3270 et
870 3221 935 3283 ego
949 3199 1106 3284 perspexi
1118 3199 1234 3269 tortile
1255 3199 1371 3269 rescis-

470 3485 494 3536 1.
510 3479 721 3550 Podoptonom,
739 3481 771 3546 -ί,
788 3488 830 3536 est
849 3498 882 3536 ea
972 3483 1102 3551 cuiusque
1119 3481 1236 3543 edificii,
1259 3498 1320 3550 qnte
1337 3483 1366 3537 in

367 3547 459 3670 floron
470 3555 512 3603 est
523 3547 721 3630 compedibus
733 3549 762 3602 in
779 3550 825 3602 rin
842 3566 886 3602 am
905 3551 1054 3613 ulantium3
1072 3556 1114 3604 est
1130 3566 1212 3616 supra
1228 3565 1369 3617 corpuscu-

377 3633 434 3679 um,
446 3617 522 3671 conti
579 3623 618 3670 tio
630 3617 726 3683 prima.

467 3685 493 3738 2.
575 3682 702 3736 mmm.
718 3697 762 3746 -ιε,
774 3683 869 3750 lingua
877 3684 1017 3737 fabrorum
1030 3684 1157 3738 technict
1167 3683 1367 3750 contagionem,

366 3749 426 3804 sive
438 3765 500 3803 eum
513 3750 603 3804 locum
616 3749 764 3818 significat,
776 3751 823 3803 ubi
835 3767 897 3808 orte.
915 3751 1009 3812 latera,
1027 3753 1141 3804 duarum
1158 3752 1312 3805 tabularum
1328 3767 1368 3804 se·

367 3831 396 3870 se
407 3818 582 3884 contingunt,
595 3823 623 3872 et
635 3818 793 3884 plerumque
804 3817 881 3898 glute
899 3819 943 3870 vel
955 3819 1071 3884 glutine,
1083 3819 1303 3884 compinguntur.
1314 3818 1367 3872 Hic

367 3884 560 3950 contagionem
573 3885 677 3938 indicat
688 3901 720 3938 su
770 3885 835 3938 'ons
847 3891 876 3937 et
887 3885 1027 3938 inferioris
1043 3886 1214 3952 quadraturis
1234 3885 1367 3938 fenestra-

366 3965 435 4012 rum,
447 3957 479 4003 nt
491 3967 523 4004 en
534 3952 564 4003 in
577 3953 703 4005 America
734 3957 794 4005 unt.

466 4019 492 4071 ³.
512 4015 621 4071 Tor-tile
632 4018 778 4072 intextum
791 4023 833 4071 est
846 4017 924 4071 filum
941 4033 1049 4079 cereum,
1066 4019 1223 4085 plerumque
1236 4033 1365 4084 cupreum

365 4083 411 4136 vel
422 4084 550 4148 tuream,
563 4085 635 4153 quod
647 4085 703 4138 tela
714 4086 839 4153 quadam,
856 4085 1028 4151 potissimum
1044 4085 1154 4146 sericea,
1166 4086 1206 4138 ita
1219 4085 1365 4151 obtegitur,

363 4156 544 4206 neumatum
555 4152 678 4220 quiedam
691 4152 763 4206 inter
774 4167 886 4205 manum
898 4151 1073 4205 attrectantis
1081 4157 1164 4219 atque
1172 4151 1314 4205 metallum
1326 4152 1366 4205 in-

360 4217 449 4286 genit,
462 4217 583 4288 alioquin
595 4233 693 4274 manns
704 4219 763 4274 ictu
775 4219 903 4273 electrico
913 4217 1052 4272 iniretur.
