3500 5158
379 869 443 940 260
639 885 847 941 ursrumuu
869 887 976 942 nucu
998 879 1118 942 soom

379 1060 590 1136 supportent.
612 1055 765 1138 Insuper,
779 1055 909 1138 utique,
925 1062 961 1125 et
986 1055 1150 1125 culinaria
1170 1077 1226 1124 ars
1251 1053 1380 1124 accedit

379 1152 607 1321 fonderanda,
624 1176 703 1238 quae
718 1155 856 1238 quidem
876 1155 960 1225 nihil
983 1156 1074 1240 quod
1097 1155 1308 1226 desideretur
1330 1177 1381 1222 re-

394 1253 515 1335 inquit

467 1354 589 1423 Animo
606 1355 669 1426 hac
683 1377 827 1438 vespera
840 1357 901 1426 tali
910 1378 1003 1426 eram
1013 1363 1054 1426 ut
1065 1357 1178 1426 locum
1190 1354 1282 1424 hunc
1294 1354 1383 1437 aequi

382 1453 530 1536 bonique
544 1455 711 1538 facerem;
731 1479 795 1526 nec
818 1457 944 1526 mirum
961 1457 987 1526 si
1004 1456 1157 1526 ordinem
1183 1477 1290 1525 coenae
1310 1463 1382 1524 tam

382 1554 488 1624 otiose
505 1564 705 1638 prosecutus
719 1557 792 1639 sim,
817 1564 1022 1640 tantumque
1045 1557 1207 1639 temporis
1226 1555 1315 1626 circa
1335 1555 1385 1624 ni-

381 1675 480 1737 gram
495 1656 619 1725 callam
634 1657 863 1740 volvellasque
875 1657 1038 1740 triverim,
1053 1664 1094 1726 ut
1109 1656 1176 1726 iam
1192 1655 1321 1724 decima
1336 1677 1384 1724 es·

384 1761 437 1823 set
462 1754 546 1824 hora
570 1757 728 1838 quumin
751 1757 843 1826 viam
870 1756 1173 1840 Quadragesimam
1195 1754 1385 1825 Secundam

386 1875 543 1936 egressus
558 1877 676 1925 essem.
699 1857 761 1926 Vel
775 1863 948 1926 momento
971 1857 1091 1926 diremi
1105 1857 1212 1925 satius
1235 1877 1308 1924 esse
1329 1877 1385 1937 pe-

384 1954 484 2025 dibus
500 1955 639 2026 domum
661 1957 846 2039 ambulare,
870 1957 1013 2040 ideoque
1036 1955 1080 2026 ad
1106 1955 1319 2025 Latamvirun
1335 1977 1385 2024 re-

384 2077 523 2137 gressus
536 2077 623 2139 sum,
638 2078 716 2139 quae
731 2057 798 2127 iarn
825 2057 936 2127 turbis
951 2079 970 2126 e
985 2054 1128 2126 theatris
1148 2054 1385 2125 excedentium

385 2161 515 2226 scatere
530 2157 643 2239 eoepit.

468 2255 658 2339 Saepissime
672 2264 714 2327 ut
728 2279 804 2327 eam
814 2257 977 2339 videram,
992 2263 1108 2326 tamen
1124 2254 1267 2324 Latavia
1280 2261 1385 2323 noctu

385 2355 608 2427 candentibus
623 2357 696 2428 eius
711 2358 825 2440 signis,
841 2358 952 2427 turbis
966 2355 1189 2437 variantibus,
1214 2355 1386 2436 clangenti

387 2455 623 2526 vehiculorum
637 2465 785 2541 caterva,
801 2481 840 2528 ac
856 2458 1003 2540 denique
1017 2456 1238 2526 tabernarum
1251 2454 1386 2523 illustri-

386 2556 452 2626 bus
465 2558 680 2638 ostentariis,¹
696 2558 781 2627 miro
796 2558 896 2627 modo
921 2579 976 2627 me
1001 2556 1159 2627 devincit.
1186 2555 1290 2624 Recte
1315 2555 1386 2637 qui·

390 2655 467 2725 dem
493 2658 607 2740 Grady
633 2657 747 2728 docuit
769 2657 932 2728 “festivos
954 2657 1119 2726 Parisios”
1141 2655 1225 2725 nihil
1238 2655 1388 2737 calequo

386 2757 522 2838 gloriari
538 2766 661 2841 posset,
675 2758 819 2840 habere;
836 2765 872 2827 at
887 2780 931 2827 ne
946 2757 1011 2826 alia
1026 2755 1164 2839 quidem
1178 2754 1270 2836 urbs,
1282 2775 1388 2836 quan·

388 2863 464 2925 tum
479 2880 544 2941 ego
559 2859 672 2928 sciam.
694 2860 765 2929 Ista
780 2881 919 2941 prorsus
932 2857 1032 2927 unica
1047 2863 1109 2938 est,
1125 2877 1273 2937 vereque
1289 2855 1388 2924 Ame-

388 2957 519 3040 ricana;
543 2959 640 3042 proin
661 2958 877 3028 obambulavi
899 2980 976 3027 eam
1000 2957 1092 3026 omni
1115 2977 1183 3039 quo
1207 2976 1269 3038 par
1293 2975 1385 3023 eram

388 3058 466 3140 otio,
492 3065 534 3129 ut
548 3059 661 3129 omnia
675 3060 749 3130 eius
762 3059 1010 3128 oblectamenta
1031 3057 1256 3139 perciperem;
1273 3061 1387 3124 tamen

388 3158 532 3228 subinde
547 3158 618 3230 stiti
632 3160 675 3229 ad
690 3159 858 3230 cernenda
879 3157 1130 3239 ostentamina,²
1154 3162 1259 3238 atque
1274 3154 1318 3224 ad
1333 3155 1390 3222 Di·

389 3260 577 3329 versorium
592 3259 754 3330 Hoffman
769 3261 922 3340 -eheu,
937 3259 1005 3328 iam
1023 3256 1192 3327 nudatum
1215 3277 1277 3324 suo
1303 3255 1390 3324 Bou·

389 3383 540 3446 guereau
561 3359 655 3430 -ad
676 3382 793 3430 meum
815 3381 906 3442 penu
929 3356 1153 3427 volvellarum
1176 3355 1389 3438 explendum.

492 3597 516 3650 1.
535 3593 718 3658 Ostentonia,
740 3608 787 3646 oe:
813 3592 927 3646 subaudi
946 3589 1094 3657 senastrm
1113 3589 1177 3641 licet
1195 3591 1287 3640 tamen
1306 3591 1334 3640 et
1347 3603 1393 3640 no-

393 3681 467 3736 mine
480 3679 653 3734 substantivo
667 3677 872 3738 ostentandam,
885 3674 922 3728 -e'i
935 3675 976 3728 uti
1002 3690 1049 3740 per
1072 3690 1109 3726 se.
1127 3671 1295 3725 Vocabulum
1319 3671 1392 3724 istud

392 3765 523 3820 Romanis
538 3763 629 3826 miro,
657 3766 801 3824 morrono,
828 3758 977 3828 prodiyia,
993 3765 1021 3812 et
1035 3758 1135 3823 scripta
1149 3756 1182 3808 de
1196 3755 1247 3816 his,
1260 3761 1343 3821 atque
1360 3755 1393 3806 de

392 3848 534 3902 vaticiniis
546 3846 728 3914 significabat,
741 3861 794 3898 non
808 3851 901 3898 tamen
913 3859 960 3908 per
977 3859 1013 3904 se,
1027 3841 1074 3894 sed
1087 3857 1133 3906 per
1146 3839 1392 3905 exaggerationem.

395 3933 515 3987 Ostsnto
529 3932 603 3985 enirn
615 3936 658 3984 est
670 3927 789 3982 osterrdo
802 3929 967 3994 frequenter,
979 3931 1061 3986 atoue
1073 3929 1221 3990 aspectum,
1239 3923 1336 3982 visum,
1353 3922 1393 3973 in-

393 4018 495 4071 tuitum
507 4014 731 4082 pretereuntium
756 4018 844 4078 capto,
856 4013 896 4064 ita
909 4015 941 4063 ut
953 4015 1045 4062 nestro
1069 4007 1131 4060 usui
1156 4006 1247 4072 aptius
1259 4005 1296 4058 sit
1310 4019 1393 4068 quam

393 4103 577 4155 Romanorum
589 4098 651 4152 usui
664 4097 746 4163 louge
759 4095 854 4162 petito.

492 4185 517 4237 2
537 4182 736 4244 Oewntomen,
754 4177 838 4232 -iniss
853 4195 888 4238 n..
900 4177 928 4231 id
942 4177 1017 4242 quod
1029 4179 1194 4230 ostentans.
