3554 5156
410 851 472 922 106
680 868 888 924 uusrsmuu
909 867 1017 922 nuere
1037 859 1155 922 souin

412 1044 529 1106 menta
543 1059 622 1106 cum
637 1037 824 1106 admirabili
839 1037 970 1119 sibique
984 1037 1180 1106 consistenti
1192 1035 1415 1119 descriptione

412 1140 777 1206 eventuumaRecord
788 1137 957 1206 editorum
969 1138 1184 1206 conferentes
1193 1136 1310 1205 eadem
1322 1135 1416 1204 dam·

412 1237 575 1318 naverint,
607 1237 746 1320 proinde
773 1244 808 1305 et
832 1237 1028 1318 suspicabar
1052 1235 1264 1319 triumphum
1281 1238 1414 1305 Record

412 1337 447 1406 in
462 1359 565 1406 causa
590 1359 663 1405 esse
688 1358 794 1419 quare
819 1336 926 1419 copiae
951 1337 1135 1406 relatorum
1161 1336 1252 1406 aedes
1266 1336 1414 1406 Vantine

412 1436 632 1506 obsedissent.

497 1537 637 1606 Interim
652 1537 791 1606 simulac
806 1537 911 1606 herus
926 1538 1038 1620 Royce
1060 1537 1094 1606 in
1120 1537 1288 1607 officinam
1313 1537 1414 1606 adve

412 1644 521 1718 nerat,
535 1644 648 1706 totum
663 1638 755 1706 hunc
771 1659 887 1706 rerum
901 1645 1031 1708 statum
1047 1660 1125 1707 curn
1141 1660 1181 1707 eo
1196 1637 1413 1720 pertractavi,

413 1737 582 1818 reliquum
607 1744 724 1806 autem
750 1737 815 1806 diei
838 1745 975 1820 tempus
1000 1736 1222 1819 documentis
1252 1737 1296 1806 ad
1324 1737 1414 1806 bona

413 1836 560 1905 Vantine
575 1837 782 1906 facientibus
796 1836 1005 1919 inquirendis
1028 1844 1063 1906 et
1090 1859 1111 1906 a
1135 1837 1317 1906 Tabulario
1339 1858 1414 1919 pro·

412 1937 533 2005 bandis
547 1937 721 2018 insumpsi.
735 1937 841 2005 Parks
856 1937 992 2005 interim
1007 1939 1109 2006 semel
1121 1945 1182 2007 aut
1193 1936 1245 2005 bis
1255 1959 1309 2005 me
1322 1958 1413 2019 quae·

412 2038 515 2106 situm
532 2037 612 2119 quid
628 2037 669 2105 de
685 2039 787 2107 certis
812 2038 964 2106 minutiis
989 2038 1193 2119 statuissem,
1218 2038 1412 2120 appellavit,

412 2137 533 2219 aliquis
554 2144 669 2205 autem
683 2159 702 2205 e
718 2138 916 2219 propinquis
941 2137 1136 2220 potioribus,
1163 2138 1325 2220 patruelis
1350 2144 1412 2206 aut

412 2237 632 2306 consobrinus
646 2237 738 2305 tertii
753 2238 807 2305 vel
823 2239 936 2320 quarti
958 2238 1087 2319 gradus
1101 2238 1256 2307 alicunde
1270 2260 1312 2306 ex
1328 2236 1411 2305 occi·

412 2336 513 2404 dente
530 2335 819 2418 telegraphcmate
833 2359 888 2405 me
903 2337 1016 2405 docuit
1031 2359 1067 2405 sc
1082 2359 1202 2406 versus
1225 2337 1300 2405 Neo
1326 2337 1412 2405 Ebo

413 2457 528 2504 racum
555 2436 620 2503 iter
645 2437 840 2518 suscepisse.
877 2437 966 2505 Tum
993 2443 1109 2505 autem
1131 2437 1219 2506 circa
1233 2436 1411 2506 dimidium

317 2529 323 2538 '
412 2534 664 2616 postmeridiem
679 2535 814 2604 Parisiis
829 2536 1018 2618 remulcale‚
1034 2559 1055 2604 a
1069 2558 1124 2605 mc
1139 2537 1206 2605 iam
1223 2557 1320 2619 paene
1331 2535 1411 2605 obli—

412 2642 497 2716 tum,
512 2635 614 2705 huius
628 2636 755 2704 tenoris
770 2636 943 2718 pervenit:

495 2817 628 2900 “Royce
644 2819 675 2888 dr
690 2819 817 2900 Lester,
834 2818 908 2888 Neo
924 2819 1075 2888 Eboraci.

494 2933 647 3004 “Erroris
671 2936 706 3004 in
735 2957 813 3004 arca
843 2937 1104 3006 transmittenda
1134 2959 1196 3006 nos
1224 2936 1409 3007 admodum

410 3035 562 3117 poenitet.
585 3036 743 3104 Delectus
756 3042 872 3104 noster
888 3037 1092 3118 explicatum
1106 3037 1230 3106 veniet.

1070 3151 1243 3223 “Armand
1258 3161 1293 3222 et
1309 3155 1407 3224 Fils.”

492 3334 546 3404 Sic
568 3335 686 3416 itaque
712 3335 814 3403 finem
841 3335 970 3418 accepit
994 3336 1113 3405 fabula
1141 3337 1273 3419 poetica
1303 3359 1407 3420 quam

410 3434 561 3516 Godirey
576 3442 718 3517 texerat,
734 3443 769 3504 et
784 3457 887 3517 quam
902 3437 1038 3504 credere
1054 3458 1119 3518 ego
1134 3459 1231 3520 paene
1242 3459 1336 3506 eram
1347 3460 1406 3520 pa·

409 3541 507 3602 ratus
524 3579 556 3590 ,-
578 3534 696 3603 fabula
710 3535 752 3604 de
767 3536 904 3604 consilio
930 3536 1072 3617 conscio,
1087 3537 1130 3605 de
1145 3537 1273 3606 insidiis
1288 3545 1322 3606 et
1337 3559 1408 3605 mo·

408 3633 547 3702 limento
573 3633 615 3702 de
641 3633 807 3703 industria
831 3635 1008 3716 concoctis,
1034 3634 1144 3716 deque
1159 3635 1232 3704 aliis
1252 3637 1405 3718 idgenus.

409 3733 491 3802 Haec
506 3733 611 3814 igitur
626 3755 706 3801 casu
721 3740 855 3802 tantum
871 3733 1067 3803 inciderant.
1103 3734 1157 3803 Ad
1179 3735 1253 3804 haec
1279 3743 1314 3804 et
1335 3736 1406 3818 ipse

408 3833 450 3901 de
465 3853 519 3900 me
534 3839 569 3900 et
584 3832 628 3901 0b
642 3854 754 3901 meam
779 3833 1013 3902 credulitatem
1039 3834 1105 3903 risi.
1138 3835 1239 3905 Haud
1263 3835 1406 3904 dubium

407 3931 492 4013 quin
507 3937 542 4000 et
558 3953 633 4001 mea
656 3932 820 4014 figmenta
843 3933 974 4016 poetica
988 3932 1030 4001 de
1046 3935 1185 4003 occultis
1209 3935 1330 4004 forulis
1351 3935 1407 4004 de·

407 4052 474 4112 que
490 4031 665 4100 venenatis
679 4032 874 4115 cuspidibus
890 4055 987 4115 aeque
1002 4034 1158 4103 fabulosa
1171 4057 1244 4104 esse
1255 4057 1407 4117 compro·

406 4131 542 4200 bentur.
563 4131 602 4200 In
617 4152 694 4200 meo
708 4131 810 4200 animi
825 4139 918 4201 statu
939 4139 1039 4202 nocte
1062 4133 1222 4203 hestema
1236 4135 1308 4206 haec
1324 4135 1406 4204 satis
