3500 5158
423 869 486 940 290
686 883 895 940 uvsranuu
916 883 1025 938 Anca
1045 876 1166 939 souin

424 1053 524 1123 modo
539 1075 558 1123 c
573 1053 668 1124 sedili
682 1075 839 1136 prorsum
854 1052 1035 1122 decidit-
1055 1072 1124 1134 quo
1145 1051 1219 1122 viso
1243 1051 1310 1120 huc
1333 1049 1431 1132 irrui,

424 1175 464 1222 ac
486 1175 547 1236 per
582 1155 802 1237 telephonum
829 1153 1010 1224 stationem
1033 1152 1211 1235 appellavi,
1235 1159 1273 1222 at
1296 1173 1433 1235 respon-

427 1275 505 1323 sum
525 1254 606 1322 mihi
622 1261 674 1323 est
698 1260 733 1323 te
757 1253 826 1323 iam
849 1254 917 1322 huc
932 1253 1129 1336 profectum
1151 1273 1224 1322 esse
1235 1273 1243 1334 ;
1259 1251 1431 1321 tunchinc

425 1353 637 1437 prodivimus
652 1376 800 1436 eumque
815 1355 882 1422 huc
899 1352 1092 1422 inveximus
1107 1388 1148 1397 -
1162 1374 1225 1422 nec
1236 1354 1314 1435 plus
1329 1351 1429 1422 scio.”

514 1453 672 1523 “Nihilne
688 1454 848 1523 audivisti
864 1489 905 1498 -
919 1453 1053 1523 nullum
1068 1474 1191 1522 sonum
1206 1453 1308 1522 luctae
1323 1451 1359 1522 ?”

514 1551 678 1623 “Nullum
695 1575 817 1624 sonum
831 1552 958 1634 audivi,
974 1551 1083 1634 Here;
1099 1553 1182 1622 nihil
1196 1551 1365 1635 prorsus.”

511 1651 565 1723 “N
567 1676 604 1724 ec
622 1655 691 1723 ullo
707 1653 809 1723 modo
825 1651 1007 1722 meministi
1027 1653 1086 1722 ubi
1106 1653 1256 1722 illealter
1272 1651 1433 1722 excessis·

429 1752 526 1824 set?”

514 1851 615 1923 “Non
630 1853 801 1923 memini.”

515 1951 649 2023 “Herus
663 1953 854 2023 Simmonds
867 1953 1021 2022 vidulum
1039 1973 1185 2036 parvum
1201 1973 1318 2022 secum
1334 1951 1437 2021 habe

430 2052 547 2123 bat-
570 2053 925 2124 animadvertistine‘l”

515 2151 782 2236 “Animadverti
798 2154 901 2223 etiam
916 2153 1058 2237 quaesivi
1074 2153 1109 2222 in
1124 2174 1238 2236 curru,
1250 2159 1287 2222 at
1303 2173 1373 2221 non
1389 2150 1437 2231 ibi

433 2253 517 2323 est.”

516 2353 631 2436 Grady
646 2375 724 2424 cum
739 2354 926 2423 maledictis
940 2376 975 2423 se
991 2353 1127 2435 avertit,
1143 2375 1251 2437 quum
1279 2351 1437 2435 quatemi

434 2453 596 2536 quinique
612 2454 744 2523 lictores
753 2476 772 2522 e
781 2455 838 2523 via
852 2455 1028 2523 irruebant
1038 2489 1078 2498 -
1090 2462 1131 2522 ut
1145 2453 1227 2522 mihi
1243 2452 1435 2534 videbatur,

435 2552 634 2622 exdecun'a.
662 2553 788 2622 Audivi
804 2575 884 2622 eum
898 2576 977 2623 cum
1000 2553 1052 2622 his
1074 2553 1241 2623 submissa
1255 2552 1314 2622 sed
1337 2559 1440 2621 acuta

434 2674 518 2722 voce
533 2653 685 2735 colloqui,
701 2675 769 2735 qno
784 2655 887 2735 facto,
902 2654 1024 2735 subit0,
1040 2660 1080 2722 ut
1097 2659 1274 2734 venerant,
1283 2652 1439 2722 discesse-

435 2759 527 2822 runt.
537 2752 733 2822 Subsidiarii
744 2775 880 2836 quoque
891 2754 990 2822 simul
1000 2754 1243 2834 discurrerunt,
1254 2752 1346 2822 unde
1356 2751 1439 2820 mihi

437 2859 571 2922 certum
593 2852 776 2922 videbatur
800 2853 914 2935 Grady
939 2853 1176 2922 everriculum¹
1193 2874 1254 2936 per
1267 2859 1376 2921 totam
1391 2873 1441 2920 re·

438 2953 574 3034 gionem
589 2952 792 3036 distendere,
803 2954 839 3023 in
855 2975 923 3036 qua
937 2955 1125 3036 profugum
1140 2952 1301 3022 occultari
1315 2951 1440 3022 verosi·

438 3052 517 3121 mile
531 3059 624 3135 erat;
640 3060 676 3122 at
690 3054 725 3122 in
749 3054 931 3136 praesentia
945 3054 1054 3136 magis
1069 3053 1110 3122 de
1126 3054 1236 3122 salute
1251 3051 1442 3122 Simmonds

439 3174 543 3236 quam
568 3153 611 3223 de
637 3154 780 3223 consiliis
803 3153 942 3223 lictoriis
965 3153 1175 3223 sollicitabar.
1195 3152 1341 3223 Proinde
1364 3150 1443 3222 dex·

439 3259 529 3321 tram
545 3253 618 3322 eius
631 3253 805 3335 prehendi,
835 3274 903 3335 qua
932 3254 1005 3322 visa
1035 3254 1201 3323 allevatus
1226 3253 1439 3322 animosum

439 3374 546 3435 quum
560 3352 700 3421 illaesam
715 3375 791 3422 eam
804 3353 1110 3435 deprehendissem.

523 3450 779 3535 “Quisquamne
796 3453 965 3522 medicum
980 3453 1157 3522 accersivit
1164 3453 1200 3522 ?”
1216 3451 1368 3535 quaesivi.

525 3550 788 3634 “Accersimus,”
811 3552 985 3635 respondit
1004 3552 1126 3635 aliquis
1147 3552 1367 3622 actariorum²
1387 3573 1441 3621 ar-

439 3651 616 3734 gentariae.
641 3651 833 3722 “Medicum
848 3674 910 3735 per
923 3654 1143 3736 telephonum
1170 3652 1389 3722 evocavimus
1404 3687 1445 3697 -

542 3839 566 3889 1.
584 3833 805 3888 Evarrioulum.
822 3835 855 3897 -v',
873 3843 915 3888 est
928 3842 994 3898 rete,
1012 3853 1121 3902 sagense
1138 3853 1234 3902 genus,
1245 3836 1318 3902 quod
1330 3835 1448 3902 piscato·

440 3920 525 3975 resin
539 3919 624 3972 fluvio
637 3919 760 3981 trahunt,
775 3925 802 3972 et
815 3919 863 3972 vix
874 3920 948 3972 ullus
959 3920 1106 3986 pisciculus
1119 3920 1234 3973 evadere
1247 3919 1329 3974 valet.

542 4005 567 4057 2.
584 4001 740 4065 Actorius,
756 4001 802 4066 -r'i,
819 4009 861 4056 est
874 4003 970 4065 scriba,
983 4004 1031 4070 qui
1043 4007 1112 4055 octo
1125 4003 1236 4057 conficit
1248 4007 1297 4056 aut
1314 4002 1446 4056 transcri-

443 4088 492 4149 bit,
505 4086 636 4139 moderna
650 4085 781 4139 idiomata
804 4101 944 4152 perperam
969 4087 1125 4140 actuarium
1142 4101 1201 4141 esse
1217 4087 1324 4148 volunt,
1336 4101 1390 4154 quo
1402 4102 1446 4139 vo

444 4171 541 4229 eubulo
554 4185 605 4226 nos
617 4184 708 4224 auvos
722 4169 918 4239 significamus.
