3500 5158
542 891 764 948 maumas
788 891 1082 946 memsnommn
1259 876 1324 948 285

406 1061 522 1144 Grady
536 1061 685 1145 quadam
699 1081 778 1131 cum
792 1060 993 1132 toleratione
1008 1059 1142 1130 annuit.

405 1161 590 1232 “Homines
614 1161 778 1233 eiusmodi
801 1159 927 1230 mirum
953 1166 1122 1245 quantum
1143 1180 1236 1231 curae
1261 1159 1325 1230 sibi

322 1285 457 1334 sumere
486 1262 596 1332 solent
623 1261 659 1330 in
688 1260 841 1330 minutiis
868 1260 1044 1343 idgenus,''
1080 1260 1326 1344 interpretatur

322 1363 448 1446 Grady.
469 1360 648 1434 “Solemne
667 1362 759 1444 apud
775 1383 832 1431 eos
846 1367 898 1431 est
913 1360 1063 1444 pagellas
1076 1381 1203 1443 magna
1213 1367 1325 1431 osten-

322 1463 452 1534 tatione
467 1463 503 1531 in
518 1481 671 1532 mensam
685 1460 846 1531 lusoriam
861 1460 1014 1543 deiicere,
1030 1459 1163 1530 etiamsi
1185 1461 1327 1544 pagellae

323 1586 366 1634 ne
382 1563 490 1633 hilum
505 1561 643 1645 quidem
657 1561 825 1631 valeant.”

406 1661 499 1732 “Hac
522 1669 637 1732 tamen
661 1661 736 1731 vice
757 1661 906 1744 pagellas
925 1659 1083 1732 victrices
1101 1660 1244 1743 tenuit,’'
1259 1682 1330 1730 mo

322 1763 383 1833 nui
397 1783 472 1845 ego.
488 1759 608 1831 “Lusit
622 1767 740 1831 autem
754 1782 859 1830 manu
874 1760 1009 1844 insigni.
1025 1759 1125 1830 Certe
1140 1760 1211 1845 ipse
1227 1759 1329 1830 homo

324 1870 377 1934 est
391 1861 605 1946 praeclarus.”

407 1961 474 2031 “Et
487 1961 627 2030 historio
642 1959 816 2042 eximius,”
832 1960 947 2043 Grady
962 1960 1142 2044 supplevit.
1159 1958 1224 2029 “Hi
1240 1958 1331 2029 enim

325 2083 459 2146 semper
483 2062 532 2131 ita
555 2066 666 2142 agrmt
691 2060 787 2142 quasi
813 2059 881 2129 sint
905 2059 940 2129 in
956 2081 1080 2143 scoena,
1096 2066 1177 2130 ante
1193 2060 1331 2130 lumina

325 2163 404 2232 Non
418 2183 496 2230 raro
510 2183 565 2230 me
580 2182 699 2230 eorum
714 2159 828 2230 taedet.
856 2158 969 2230 Heus!
992 2159 1075 2243 Quis
1088 2159 1117 2230 is
1130 2160 1223 2231 estl”

407 2261 542 2331 Ostium
557 2259 681 2343 raptim
710 2259 882 2343 aperitur;
897 2259 1050 2330 subitum
1064 2281 1104 2330 ac
1118 2260 1222 2330 breve
1237 2260 1334 2329 collo

326 2364 445 2447 quium
460 2383 539 2431 cum
554 2359 735 2430 decurione
748 2360 792 2430 ad
806 2359 1016 2443 scriptoriam
1041 2359 1233 2443 exauditur,
1257 2366 1334 2430 tum

326 2461 426 2532 celeri
448 2481 569 2544 gressu
594 2460 747 2530 anterius
771 2459 964 2530 cubiculum
986 2460 1207 2543 percurritur,
1229 2467 1334 2543 atque

328 2561 482 2644 Godfrey
494 2560 538 2630 ad
552 2581 615 2630 nos
627 2559 737 2629 irmit.

411 2660 518 2731 Celeri
533 2659 658 2730 obtutu
673 2659 843 2742 perspexit
863 2681 976 2729 arcam
993 2660 1108 2743 Boule,
1133 2658 1221 2730 vidit
1239 2660 1335 2730 foru-

326 2762 399 2832 lum
423 2762 596 2831 occultum
620 2767 738 2842 patere
761 2767 865 2842 atque
890 2781 1057 2843 vacuum;
1073 2760 1152 2830 dein
1167 2759 1282 2830 oculos
1297 2759 1332 2830 in

329 2861 444 2944 Grady
459 2859 587 2930 defixit.

412 2959 568 3043 “Ergone
582 2959 692 3028 evasit
706 2980 786 3028 cum
800 2959 841 3028 iis
849 2959 886 3028 ?”
902 2960 1037 3042 quaerit.

413 3058 554 3144 “Quem,
570 3059 707 3142 malum,
723 3065 758 3128 te
773 3079 846 3128 esse
861 3059 1036 3130 arbitraris
1046 3059 1083 3129 ?'’
1106 3059 1208 3130 vultu
1227 3061 1336 3130 suffu-

329 3183 367 3232 so
380 3161 541 3231 inclamat
555 3181 636 3229 eum
651 3158 775 3241 (tracy,
792 3155 861 3228 “sic
875 3158 943 3228 huc
957 3159 1086 3229 intrare
1100 3160 1230 3230 ausus?
1249 3160 1338 3244 Apa·

329 3282 375 3345 ge
389 3261 435 3330 sis
448 3260 537 3342 hinc,
552 3259 702 3342 alioquin
717 3259 799 3328 faxo
813 3265 855 3328 ut
870 3259 1011 3328 eiiciaris
1020 3259 1049 3328 l’'

414 3359 526 3444 “Quin
541 3380 606 3442 ego
620 3379 697 3428 mea
705 3365 825 3442 sponte
837 3359 967 3440 abibo,”
982 3361 1188 3443 compositus
1198 3383 1336 3444 respon·

332 3461 390 3531 det
412 3459 572 3542 Godrrey.
589 3457 682 3529 “Iam
704 3457 774 3528 vidi
789 3458 880 3541 quod
895 3459 1012 3529 videre
1027 3459 1130 3530 volui.
1155 3460 1274 3531 Unum
1290 3467 1341 3530 ta·

331 3583 410 3632 men
424 3567 459 3630 te
472 3559 640 3629 monitum
653 3579 726 3628 esse
742 3559 855 3639 velim,
871 3558 987 3642 Grady
1000 3558 1115 3630 —hac
1128 3567 1228 3630 nocte
1242 3567 1340 3630 tuam

331 3660 503 3746 propriam
516 3658 670 3743 supplicii
684 3659 889 3730 sententiam
913 3659 966 3728 tui
980 3659 1207 3744 subscripsisti
1217 3661 1246 3730 !''

415 3759 525 3844 “Quid
539 3759 592 3829 his
606 3758 719 3830 verbis
743 3759 886 3829 innuere
908 3759 1005 3830 visl”
1027 3761 1234 3832 submission'
1257 3783 1362 3833 voce·

333 3861 458 3945 quaerit
473 3859 597 3943 Grady.

415 3959 637 4044 “Significare
662 3962 739 4030 volo
765 3967 811 4043 te,
836 3968 913 4044 post
935 3963 1136 4046 evulgatam
1165 3962 1342 4034 historiam

332 4061 530 4237 muru-ruffi
547 4067 648 4132 nocte
660 4067 847 4146 gestarum,
861 4082 906 4131 ne
919 4059 1038 4133 horam
1061 4061 1199 4148 quidem
1220 4063 1344 4150 perdu-

334 4183 373 4236 ra
500 4215 509 4232 .
