3536 5156
418 933 482 1002 228
680 951 889 1006 ursr‘sarrnr
911 951 1019 1004 raca
1040 943 1158 1006 soum

420 1115 542 1186 Modus
557 1125 673 1188 autem
689 1118 884 1202 infligendae
898 1119 1018 1188 mortis
1034 1126 1105 1189 tam
1120 1125 1235 1189 certus
1249 1124 1302 1188 est
1316 1123 1421 1199 atque

418 1238 572 1298 arcanus,
588 1226 628 1287 ut
642 1219 717 1288 fere
732 1241 834 1301 super
849 1225 1008 1288 naturam
1023 1219 1154 1302 positus
1168 1241 1241 1289 esse
1251 1217 1419 1286 videatur.

419 1317 701 1400 Quandoquidem
727 1327 903 1400 repertum
925 1327 976 1388 est
1004 1319 1144 1388 rebelles
1169 1325 1205 1387 et
1230 1316 1421 1400 proditores

418 1417 625 1487 ineluctabili
639 1426 674 1487 et
689 1418 893 1490 immutabili
907 1419 1018 1501 modo,
1034 1441 1077 1488 ex
1088 1419 1213 1489 effectu
1225 1416 1336 1501 pusilli
1346 1416 1420 1484 vul·

419 1517 519 1598 neris,
534 1517 651 1588 manui
666 1526 779 1600 rectae,
792 1520 904 1602 paullo
916 1541 1019 1602 supra
1029 1520 1223 1589 iuncturam
1235 1516 1419 1600 digitorum

418 1615 571 1686 inssicti.’'

502 1717 535 1785 N
537 1718 697 1788 arrationi
713 1719 779 1788 iam
795 1721 904 1789 omnis
918 1721 971 1789 fui
985 1721 1149 1801 intentus,
1164 1725 1204 1788 ut
1228 1717 1329 1787 facile
1351 1737 1421 1785 cre·

419 1817 490 1898 des,
505 1819 687 1900 praesagire
703 1819 794 1889 enim
810 1821 895 1903 coepi
911 1841 980 1903 quo
996 1821 1062 1889 ista
1077 1819 1207 1889 somnia
1230 1816 1420 1887 tenderent.

503 1915 787 2000 “Supremitatem
802 1927 837 1989 et
848 1920 1119 2001 auctoritatem,”
1135 1919 1247 2003 pergit
1259 1917 1420 1998 Godfrey,

420 2014 631 2086 “absolutam
648 2020 799 2090 Armand
814 2019 878 2089 hoc
906 2027 1036 2090 secreto
1062 2026 1190 2089 tuetur.
1224 2018 1279 2087 Fit
1305 2024 1420 2086 tamen

419 2115 561 2185 subinde
576 2125 617 2186 ut
631 2119 829 2202 proditionis
842 2119 1007 2191 illecebris
1022 2119 1125 2203 aliqui
1140 2121 1329 2201 capiantur.
1356 2117 1419 2186 Ar-

418 2215 521 2286 mand
535 2216 624 2287 hanc
637 2241 750 2288 arcam
765 2221 800 2290 in
815 2222 1007 2290 Americam
1022 2221 1137 2290 mittit.
1150 2220 1228 2304 lpse
1242 2240 1311 2289 non
1326 2216 1421 2300 igno-

419 2324 473 2386 rat
502 2317 573 2386 vim
602 2319 800 2400 proditionis
828 2321 997 2391 illectandi
1026 2323 1101 2390 fore
1117 2321 1221 2390 etiam
1237 2319 1416 2398 maiorem;

418 2417 646 2501 proditionem
660 2420 767 2501 timet,
789 2420 1073 2490 machinationem
1098 2418 1365 2491 comminiscitur
1384 2417 1419 2488 in

420 2539 507 2600 arca,
523 2540 602 2600 quae
623 2541 758 2602 poenam
788 2521 907 2590 mortis
930 2520 1062 2604 infligat
1086 2522 1122 2590 in
1147 2519 1353 2603 proditorem
1379 2538 1420 2587 eo

420 2640 558 2701 prorsus
572 2619 672 2689 modo
686 2643 754 2702 quo
770 2622 840 2704 ipse
855 2644 931 2691 eam
946 2622 1098 2704 infligere
1113 2621 1231 2690 solitus
1242 2619 1285 2688 sit
1297 2653 1337 2664 -
1348 2618 1419 2688 ictu

419 2727 589 2788 venenato
597 2720 632 2788 in
642 2729 768 2790 rectam
780 2744 920 2791 manum
931 2723 1118 2792 inferendo.
1128 2723 1308 2791 Terrorem
1315 2739 1419 2802 quem

419 2819 511 2889 hunc
526 2820 560 2888 in
576 2820 716 2890 modum
732 2825 802 2892 suis
816 2821 994 2892 incusserit
1009 2823 1152 2908 asseclis,
1168 2822 1269 2906 facile
1282 2819 1345 2890 tibi
1358 2818 1420 2888 fin-

419 2920 519 2989 xeris.
555 2921 723 3003 Tempore
752 2922 950 3004 proditionis
975 2923 1046 3006 ipse
1071 2943 1289 3006 nequaquam
1314 2940 1419 3003 prope

420 3027 481 3101 est,
497 3027 534 3089 et
548 3021 700 3103 proditor
715 3029 830 3092 tamen
852 3023 997 3092 moritur
1023 3022 1191 3105 extemplo
1218 3028 1254 3090 et
1278 3019 1422 3090 certissi-

420 3120 493 3189 me!
516 3121 639 3190 Mirum
666 3123 819 3204 profecto
848 3145 883 3192 se
914 3123 1094 3193 ulciscendi
1123 3122 1298 3193 consilium
1326 3117 1419 3188 istud

420 3220 490 3288 est!
513 3221 556 3290 Et
572 3222 636 3291 hoc
650 3223 743 3291 omni
757 3230 830 3292 arte
858 3224 980 3293 summi
994 3223 1122 3307 ingenii
1145 3221 1284 3292 effectui
1298 3221 1418 3290 datum

418 3321 500 3389 est.”

504 3420 799 3506 “Verumtamen'’
829 3446 946 3507 quaero
972 3447 1045 3506 ego,
1072 3423 1277 3507 “quemnam
1303 3429 1418 3492 actum

420 3521 617 3604 proditionis
630 3523 813 3594 verebatur
829 3525 1022 3594 Annandl''

504 3621 650 3692 “Actum
665 3625 836 3706 aperiendi
851 3626 955 3694 foruli
970 3625 1124 3694 occulti.”

504 3720 578 3791 “Tu
592 3745 673 3805 ergo
688 3745 797 3807 usque
811 3725 920 3794 credis
933 3725 1162 3794 mechanisma
1172 3721 1416 3792 venenatum?”

504 3820 616 3892 “Nihil
631 3824 750 3905 magis.
767 3823 938 3894 Funestus
953 3833 1098 3894 eventus
1112 3823 1317 3893 novissimus
1341 3843 1418 3892 con·

419 3922 584 3991 iecturam
596 3923 823 4005 comprobat.”

503 4021 607 4092 “Mihi
622 4023 759 4106 quidem
777 4024 869 4095 baud
885 4025 1022 4107 liquet,”
1038 4025 1181 4094 obverto
1195 4043 1324 4105 exspes.

503 4121 624 4206 “Quin,
640 4123 789 4206 Lester,”
804 4125 997 4195 obtestatur
1011 4125 1172 4206 Godfrey,
1187 4122 1264 4193 “res
1278 4123 1352 4192 luce
1368 4143 1418 4191 so

419 4225 458 4296 lis
473 4225 592 4295 clarior
607 4233 668 4294 est.
684 4225 847 4310 Quisnam
862 4226 916 4295 ille
930 4227 1029 4314 gigas
1043 4224 1207 4296 barbatus
1220 4223 1315 4296 fuit?
1337 4223 1417 4294 Pro·
