3502 5158
657 923 782 976 nanus
803 923 1023 976 vuruannrn
1301 906 1343 976 25

344 1111 415 1172 ger.
440 1088 514 1160 “Tu
530 1089 724 1158 existimare
740 1088 866 1159 videris
880 1089 974 1159 hunc
1000 1111 1115 1160 casum
1136 1090 1254 1159 fuisse.
1271 1090 1344 1159 Hoc

343 1189 434 1259 enim
450 1191 562 1272 paullo
578 1197 659 1258 ante
673 1189 943 1259 asseveravisti.''

426 1287 606 1358 “Fortasse
637 1289 751 1372 paullo
780 1289 881 1358 nimis
911 1312 1063 1375 praeceps
1091 1291 1175 1374 fui,’'
1211 1292 1345 1362 fatetur

345 1389 498 1473 Godfrey
507 1411 515 1471 ;
531 1411 596 1472 ego
612 1411 694 1458 vero
710 1388 906 1472 suspicabar
921 1413 1012 1473 eum,
1028 1413 1173 1474 quaeque
1190 1414 1252 1463 sua
1271 1413 1346 1461 sen-

344 1489 453 1558 tentia
477 1489 611 1571 fuisset,
636 1489 672 1558 in
699 1511 739 1557 ea
754 1496 998 1572 perstaturum.
1037 1489 1161 1561 “Nulla
1187 1491 1344 1574 equidem

344 1611 409 1672 ego
423 1589 646 1671 theoremata,
662 1589 857 1672 usquedum
872 1590 953 1674 quid
969 1591 1052 1660 certi
1068 1591 1212 1661 habeam
1227 1592 1282 1661 cui
1297 1591 1345 1661 in-

344 1690 472 1772 sistam,
488 1689 650 1759 conflabo.
674 1689 779 1759 Facta
794 1689 974 1760 suicidium
990 1691 1153 1772 suadent;
1180 1713 1302 1761 verum
1317 1690 1346 1761 si

344 1789 480 1860 acidum
496 1789 715 1859 Borussicum
728 1789 891 1872 hauserit,
906 1790 965 1859 ubi
980 1799 1032 1860 est
1055 1791 1183 1875 phiala?
1220 1793 1345 1861 Annon

345 1890 448 1959 etiam
463 1911 540 1959 eam
555 1889 779 1972 deglutivit?”

428 1988 605 2059 “Fortasse
620 2011 697 2059 eam
712 1989 747 2058 in
759 1989 872 2072 aliquo
883 1992 1093 2060 sacculorum
1105 1993 1345 2075 reperiemus?

344 2089 661 2172 putatSimmonds.
1208 2129 1210 2132 ·

427 2189 480 2260 Sic
495 2190 690 2259 admonitus
716 2189 923 2272 Goldberger
939 2190 982 2259 ad
997 2192 1244 2274 perquirendos
1258 2214 1346 2262 mor·

344 2289 396 2358 tui
411 2291 561 2360 sacculos
576 2289 735 2373 perrexit.
759 2290 964 2360 Indumenta
979 2312 998 2359 e
1012 2291 1122 2361 viliori
1138 2293 1281 2362 materia
1295 2293 1346 2362 fa·

344 2398 409 2473 cta,
425 2411 489 2458 nec
503 2389 686 2459 admodum
703 2410 794 2458 nova
808 2390 963 2472 fuerunt,
979 2391 1028 2460 ita
1042 2400 1084 2460 ut
1098 2393 1200 2461 vivus
1210 2414 1344 2475 parum·

346 2512 406 2573 per
420 2491 610 2560 tenuiorem
624 2488 767 2572 parebat
782 2496 959 2572 aspectum
975 2512 1046 2573 prae
1061 2514 1098 2561 se
1113 2493 1241 2563 tulisse.
1256 2494 1345 2563 Inte·

345 2589 413 2658 rior
430 2590 585 2658 sacculus
600 2589 725 2658 tunicae
740 2610 937 2658 crumenam
952 2591 1082 2660 celabat
1107 2613 1185 2661 cum
1212 2592 1346 2663 duabus

347 2689 484 2760 tesseris
501 2689 714 2772 argentariis
733 2711 802 2757 una
817 2689 1348 2774 decentussium,1quincentussi-

344 2811 404 2858 um
413 2789 571 2870 altera,in
580 2788 735 2857 aliavero
744 2790 1104 2872 crumenula,quamin
1114 2791 1346 2862 sacculobrac·

343 2909 461 2958 earum
477 2888 628 2971 gerebat,
642 2887 774 2957 inventi
789 2895 870 2958 sunt
885 2888 953 2957 duo
968 2891 1023 2958 vel
1038 2897 1108 2960 tres
1122 2899 1296 2962 centusses
1310 2892 1345 2960 in

344 2989 492 3057 nummis
521 2988 703 3071 argenteis,
730 2995 833 3070 atque
859 2995 1008 3070 quatuor
1023 2990 1167 3074 quinari,
1183 2991 1344 3062 Francici.

344 3087 523 3169 Praeterea,
539 3089 575 3157 in
590 3087 710 3156 maiori
725 3109 887 3157 crumena
901 3088 1014 3171 quinae
1038 3111 1198 3173 senaeque
1220 3091 1255 3160 in
1277 3113 1345 3161 uno

343 3187 452 3257 loculo
468 3187 619 3257 eiusdem
636 3187 782 3257 conditae
797 3188 939 3270 pagetlae
954 3191 1229 3260 nomenclatoriae
1250 3191 1346 3262 varia

343 3288 482 3356 nomina
495 3289 658 3369 ferentes,
673 3287 766 3357 nulla
781 3295 896 3356 tamen
913 3288 1050 3358 ferebat
1066 3311 1178 3372 suum,
1202 3291 1346 3374 reperie-

345 3387 481 3457 bantur.
509 3388 577 3458 Uni
604 3409 723 3456 earum
747 3387 869 3457 titulus
895 3387 1043 3459 Vantine
1068 3389 1252 3474 inscriptus
1276 3392 1346 3461 fuit

344 3487 519 3571 graphide.

427 3588 542 3657 Nullae
569 3589 708 3670 litterae,
728 3587 831 3656 nullae
857 3588 1000 3670 schedae,
1027 3591 1160 3661 nullum
1182 3591 1345 3674 scripturn

342 3687 588 3758 documentum
603 3687 835 3769 cuiuscunque
862 3689 998 3770 generis
1013 3689 1048 3758 in
1065 3690 1207 3761 sacculis
1230 3691 1347 3760 inven-

343 3795 389 3856 tae
403 3794 495 3868 sunt
511 3795 644 3858 caeterae
660 3795 827 3856 reserant
842 3788 1017 3872 eiusmodi,
1034 3811 1118 3872 quas
1134 3791 1345 3873 quiscunque

343 3889 377 3956 in
393 3888 534 3958 sacculis
549 3895 685 3970 gestare
696 3894 809 3970 posset
821 3923 861 3932 -
872 3888 1120 3971 horologiolum
1133 3891 1261 3961 nullius
1271 3912 1346 3974 pre·

444 4073 469 4124 1.
486 4059 680 4124 &centaurea
708 4089 747 4118 =
768 4071 835 4132 510;
869 4075 982 4123 tessara
1011 4071 1196 4138 argentaria,
1229 4075 1345 4140 pecunia

342 4137 733 4258 {hffifflgssnfiaentusaea
744 4155 783 4184 =
794 4137 835 4198 55;
847 4136 1007 4203 quinarios
1019 4140 1217 4193 Francicus:
1235 4143 1272 4202 lc,
1287 4157 1344 4194 mo·
