3502 5158
711 1940 862 2011 CAPUT
883 1940 931 2010 Ill

635 2125 768 2194 Manus
788 2125 993 2195 Vulnerata.

406 2307 535 2380 “CAES
541 2310 599 2380 VS
618 2307 687 2376 fuit
697 2306 727 2376 !”
749 2308 872 2391 repetit
886 2307 993 2378 verba
1007 2307 1158 2392 Godtrey
1183 2309 1321 2379 certitu·

326 2408 413 2477 dinis
428 2408 577 2490 quadam
591 2407 807 2490 consciendi,
822 2408 867 2477 ad
881 2430 960 2490 quae
974 2409 1082 2478 verba
1096 2409 1211 2492 paullo
1225 2409 1323 2479 arcti·

324 2529 366 2578 us
379 2530 442 2578 nos
456 2507 744 2591 conglobdvimus
759 2529 830 2591 prae
845 2508 1071 2578 detestatione
1085 2509 1245 2579 facinoris
1256 2517 1322 2580 tre-

323 2615 463 2678 mentes.
486 2609 579 2678 Mors
593 2630 771 2690 nunquam
792 2630 861 2677 non
875 2614 928 2678 est
941 2607 1118 2691 horrenda,
1142 2608 1321 2680 suicidium

322 2707 497 2777 horrorem
525 2714 649 2790 angen
692 2706 914 2777 homicidium
942 2707 1136 2778 coronidem
1164 2709 1321 2792 imponit.

323 2807 449 2878 Omnes
463 2807 580 2890 itaque
595 2807 728 2877 silentio
743 2806 858 2877 obruti
873 2807 1040 2890 stetimus,
1055 2809 1161 2878 oculis
1185 2809 1321 2892 patulis,

322 2908 419 2990 quasi
432 2906 575 2977 fascinio
588 2910 721 2989 manus,
737 2928 841 2991 quam
862 2906 1053 2978 Simmonds
1066 2908 1163 2978 nobis
1177 2915 1322 2991 praeten-

320 3006 433 3089 debat,
450 3007 633 3089 constricti,
648 3014 753 3090 atque
768 3007 910 3076 minutis
922 3007 987 3077 illis
1001 3007 1210 3090 vulneribus,
1226 3008 1322 3077 deco-

321 3106 390 3176 lore
416 3129 528 3189 came‚
557 3108 714 3190 maleque
740 3106 970 3177 ominantibus
995 3107 1137 3178 maculis
1151 3108 1322 3190 coagulati

322 3207 498 3290 sanguinis
511 3207 547 3276 in
561 3207 707 3276 circuitu
721 3206 944 3290 decurrentis,
959 3207 1087 3277 cinctis.
1116 3207 1209 3277 Tum
1224 3207 1323 3278 Gold-

323 3305 455 3390 berger,
469 3307 641 3391 profundo
657 3306 780 3390 spiritu
796 3306 908 3389 ducto,
933 3306 1078 3377 eandem
1103 3329 1183 3391 quae
1205 3329 1321 3378 meum

321 3407 474 3476 animum
487 3406 662 3477 subiverat
676 3406 916 3490 cogitationem
930 3407 984 3477 his
997 3407 1145 3478 reddidit
1154 3408 1285 3478 verbis:

406 3505 527 3589 “Hem,
541 3529 596 3576 res
609 3507 676 3577 ista
690 3506 817 3577 morsui
833 3506 962 3577 colubri
977 3513 1030 3576 est
1044 3507 1160 3578 similis
1172 3507 1201 3576 !'’
1223 3508 1321 3578 fatur

321 3627 405 3676 voce
420 3629 481 3690 per
495 3613 670 3690 stuporem
685 3609 840 3677 exacuti.

405 3707 455 3776 Ac
471 3728 592 3776 revera
605 3705 655 3775 ita
667 3707 819 3790 parebat.
851 3707 938 3776 Duae
952 3707 1019 3777 illae
1033 3707 1214 3778 minutulae
1237 3730 1322 3791 pun-

323 3812 443 3890 cturae,
457 3806 517 3875 vix
532 3805 670 3876 dimidio
685 3806 802 3890 pollice
828 3807 1001 3888 seiunctae,
1026 3829 1047 3876 a
1071 3805 1209 3877 colubro
1229 3815 1322 3877 certe

322 3913 481 3989 poterant
493 3905 611 3989 infligi.

406 4006 504 4090 Quod
519 4005 554 4076 in
568 4006 719 4075 conclavi
734 4007 834 4076 celeri
849 4007 1006 4076 contuitu
1029 4005 1323 4090 circumspectavi-

322 4128 410 4189 mus,
425 4112 462 4175 et
477 4106 568 4189 quod
584 4105 721 4188 algidus
734 4105 855 4176 horror
869 4127 931 4190 per
945 4105 1056 4176 media
1081 4106 1181 4176 dorsa
1206 4113 1323 4176 nostra

323 4227 459 4276 sursum
474 4204 624 4289 repebat,
638 4204 736 4275 nobis
750 4205 866 4275 invitis
886 4205 1033 4289 fiebant;
1054 4227 1120 4290 ego
1148 4213 1265 4276 tamen
1286 4212 1323 4276 et
