3536 5156
612 936 1091 992 noommcrsnmmuun
1287 921 1348 993 195

434 1106 549 1178 “Num
563 1106 734 1176 hominem
750 1128 950 1189 agnosceres
965 1107 993 1176 si
1007 1128 1087 1176 eum
1110 1105 1236 1175 iterum
1257 1104 1349 1174 vide

351 1208 452 1278 resi'’

433 1323 557 1394 “Nullo
573 1333 691 1407 pacto;
713 1331 754 1394 ut
778 1325 874 1394 vides
897 1324 1052 1393 foramen
1068 1329 1120 1392 est
1135 1329 1207 1392 tam
1232 1321 1349 1405 exigu-

350 1447 419 1494 um.
443 1425 534 1493 Nihil
550 1426 702 1507 proiecto
718 1424 899 1493 videbatur
913 1423 977 1492 nisi
1001 1445 1063 1504 par
1088 1423 1272 1492 oculorum.
1304 1423 1349 1492 Et

350 1531 465 1593 tamen
480 1545 613 1606 possem
628 1546 809 1606 agnoscere
825 1524 852 1593 si
867 1545 925 1592 eos
939 1524 1063 1592 iterum
1078 1522 1247 1604 viderem;
1269 1544 1349 1592 nam

350 1624 435 1693 tales
459 1625 574 1693 oculos
599 1645 775 1706 nunquam
799 1631 902 1692 antea
927 1623 1080 1694 videram
1094 1659 1136 1668 —
1150 1630 1222 1691 tam
1248 1622 1349 1693 lucidi

351 1732 490 1806 tamque
507 1724 691 1806 flagrantes
706 1730 813 1792 erant.
843 1724 893 1792 Ea
918 1745 1061 1806 vespera
1086 1724 1120 1793 id
1145 1722 1259 1792 evenit
1282 1744 1351 1806 qua

351 1845 415 1906 ego
429 1832 464 1892 et
480 1823 631 1906 Godirey
647 1823 864 1892 tentabamus
878 1824 1030 1892 forulum
1045 1825 1216 1894 occultum
1229 1823 1352 1907 reperi·

351 1946 397 2005 re,
411 1924 457 1992 illi
472 1930 589 1992 autem
603 1924 689 1992 oculi
705 1923 876 1993 micabant
892 1931 1067 2007 tamquam
1082 1923 1180 2007 ignis,
1196 1923 1279 1993 dum
1293 1945 1352 1992 no·

351 2024 403 2093 bis
417 2024 669 2093 elaborantibus
684 2030 783 2092 erant
798 2023 922 2093 infixi.’'

433 2158 546 2226 Herus
569 2156 732 2239 Armand,
758 2164 798 2226 ut
822 2158 974 2240 parebat,
999 2157 1113 2227 verbis
1127 2158 1211 2226 meis
1226 2179 1347 2240 parum

349 2265 514 2340 attentus,
530 2279 643 2327 arcam
660 2258 907 2341 speculabatur.

435 2373 502 2444 “At
514 2396 606 2442 nunc
619 2374 771 2443 forulum
796 2374 997 2456 occultum,''
1018 2375 1066 2444 ait
1088 2374 1236 2443 tandem.
1264 2373 1351 2444 “Vo-

350 2474 452 2557 lesne,
478 2475 568 2544 Here
595 2475 724 2562 Lester,
741 2476 799 2555 qui
825 2475 854 2543 is
878 2474 1080 2544 tractandus
1094 2474 1138 2545 sit
1150 2474 1351 2544 ostendere?

349 2574 543 2643 Admodum
559 2595 644 2643 aveo
659 2574 805 2644 videre.''

433 2708 574 2776 Manum
589 2707 689 2790 plano
705 2729 792 2776 arcae
805 2707 959 2790 imposui,
975 2708 1042 2777 tria
1055 2709 1111 2777 illa
1125 2707 1206 2790 loca,
1220 2714 1262 2777 ut
1282 2729 1351 2776 ma·

354 2815 454 2876 trona
475 2809 589 2876 velata
612 2807 816 2889 ostenderat,
842 2809 957 2889 pressi.
990 2808 1144 2878 Primum
1166 2808 1209 2876 ab
1235 2806 1351 2876 ordine

351 2907 471 2989 erravi,
487 2907 594 2976 altero
610 2913 725 2976 tamen
739 2908 926 2977 tentamine
941 2908 1061 2977 ansula
1084 2929 1240 2990 prorsum
1263 2907 1354 2977 deci·

352 3007 403 3075 dit
418 3007 588 3089 clangens,
604 3029 672 3089 quo
687 3007 781 3077 facto
794 3007 947 3076 forulum
962 3008 1080 3078 evulsi.

435 3138 542 3210 “Ecce
556 3140 741 3222 forulum,”
757 3141 917 3210 exclamo.
934 3140 1100 3211 “Videsne
1116 3161 1219 3222 quam
1235 3139 1351 3209 dexte·

351 3262 387 3309 re
411 3240 544 3310 effictus
569 3247 630 3309 est.
656 3240 701 3308 Et
727 3263 830 3324 quam
856 3248 1014 3311 accurate
1040 3263 1126 3324 opus
1150 3239 1350 3310 occultatur.

351 3340 515 3423 Quisnam
528 3341 581 3409 hic
597 3340 639 3409 de
654 3340 766 3409 forulo
783 3341 1043 3411 somniaverit?”

436 3473 511 3556 lpse
527 3495 653 3556 magno
669 3473 781 3543 studio
810 3495 895 3557 opus
917 3473 1236 3557 circumspectabat;
1257 3474 1352 3543 foru-

353 3573 424 3642 lum
441 3574 476 3643 in
491 3575 602 3642 locum
618 3575 752 3657 repulit,
768 3581 843 3643 tum
858 3575 929 3656 ipse
943 3576 1087 3658 aperuit.

435 3705 547 3776 “Nihil
575 3728 714 3789 prorsus
739 3714 791 3776 est
821 3707 1027 3789 dexterius‚''
1052 3707 1110 3776 ait.
1144 3705 1352 3790 “Nunquam

349 3806 493 3875 antehac
509 3806 578 3875 vidi
594 3807 745 3874 forulum
761 3814 831 3875 tam
848 3807 931 3876 scite
948 3808 1105 3877 celatum.
1143 3806 1219 3890 lpse
1234 3813 1351 3875 autem

349 3913 534 3988 conceptus
548 3928 609 3989 per
623 3914 755 3976 certum
782 3906 1018 3976 molimentum
1043 3906 1216 3990 aperiendi
1241 3928 1353 3976 novus

350 4028 389 4075 ac
415 4006 628 4075 felicissimus
655 4013 716 4074 est.
749 4007 905 4088 Plerique
931 4007 1035 4076 foruli
1063 4006 1185 4076 occulti
1214 4006 1351 4075 nomine

350 4112 485 4174 tantum
501 4113 581 4173 sunt
607 4106 747 4187 occulti;
770 4105 894 4189 exigua
919 4107 1078 4190 indagine
1104 4106 1269 4190 reperiam
1292 4127 1351 4176 ve·

350 4227 427 4275 rum
443 4204 507 4275 iste
523 4259 530 4274 .
548 4259 555 4274 .
574 4205 603 4274 .”
