3500 5158
419 881 483 952 306
695 899 899 956 uvsmmun
917 897 1156 958 memnonis

421 1065 647 1136 cohibendum
663 1089 742 1138 eum
757 1090 826 1138 non
840 1069 1059 1139 tentavimus.
1085 1070 1277 1140 Plurimum
1300 1071 1424 1141 vestris

345 1171 349 1180 '
422 1165 643 1248 portitoribus
658 1167 774 1238 confisi
790 1190 919 1252 sumus,
937 1170 1218 1254 speravimusque
1241 1193 1300 1241 eos
1325 1193 1424 1241 accu-

423 1265 590 1336 ratissime
604 1268 840 1350 exploraturos
855 1269 1006 1339 omnium
1030 1273 1188 1354 sarcinas,
1204 1271 1263 1353 qui
1285 1271 1366 1356 ipsis
1389 1271 1425 1340 in

423 1387 567 1448 persona
581 1367 709 1450 cogniti
723 1390 791 1437 non
807 1371 952 1440 essent”

509 1464 716 1537 “Portitores
730 1468 867 1552 nostri,''
877 1471 912 1539 in
921 1471 1094 1541 stomacho
1106 1470 1219 1541 ridens
1229 1472 1326 1540 fatur
1337 1470 1425 1542 God-

424 1565 514 1650 frey,
524 1563 662 1637 “officiis
675 1568 746 1638 suis
760 1568 881 1652 utique
894 1593 963 1640 non
977 1571 1175 1641 defuerunt.
1199 1571 1249 1640 llli
1265 1578 1358 1641 certe
1376 1577 1427 1641 to-

425 1675 498 1738 tam
514 1670 768 1754 Rempublicam
783 1671 1004 1742 everterunt!
1026 1672 1071 1741 Et
1086 1672 1285 1741 adamantes
1299 1679 1428 1755 tamen,

425 1767 466 1838 iis
484 1769 610 1854 invitis,
621 1772 840 1856 irrepserunt
852 1770 1125 1855 quandoquidem
1140 1793 1219 1841 arca
1234 1771 1338 1842 acive
1355 1779 1427 1842 tarn

425 1869 611 1941 universim
622 1880 713 1956 noto,
725 1880 865 1956 tamque
879 1894 982 1955 supra
995 1894 1132 1942 onmem
1146 1871 1429 1955 commonemur

427 1977 502 2039 erat
516 1970 619 2042 herus
634 1973 792 2056 Vantine,
809 1972 959 2042 immissa
972 1979 1025 2042 est
1040 1993 1177 2056 prorsus
1198 1971 1270 2042 sine
1291 1971 1428 2055 quaesti·

427 2090 491 2139 one
503 2069 533 2138 !''

515 2168 633 2256 “Sane,
644 2172 830 2256 profecto,’'
849 2171 1013 2243 concessit
1035 2173 1139 2242 herus
1153 2171 1254 2255 Pigot
1275 2170 1324 2242 rei
1343 2170 1430 2241 veri·

428 2274 538 2339 tatem
552 2293 621 2342 non
637 2272 709 2342 sine
724 2272 981 2342 amaritudine.”
1003 2272 1162 2355 Coeptum
1172 2271 1240 2341 fuit
1251 2270 1430 2342 audacissi-

427 2390 532 2452 mum,
544 2378 648 2454 atque
662 2394 763 2454 nunc,
774 2373 867 2442 nullo
882 2371 994 2454 dubio,
1003 2371 1174 2442 Crochard
1191 2370 1317 2454 poterit
1336 2392 1431 2454 gem·

428 2489 502 2539 mas
514 2491 576 2552 per
589 2472 697 2542 otium
712 2472 955 2542 divenditare.''

513 2568 614 2641 “Non
629 2573 764 2657 poterit,
780 2573 808 2642 si
823 2571 924 2642 modo
939 2571 1115 2655 contingat
1129 2571 1212 2640 mihi
1235 2577 1431 2641 accuratam

383 2738 387 2748 ,
430 2689 549 2740 earum
582 2671 842 2755 descriptionem
874 2671 1103 2754 comparare,''
1122 2671 1273 2741 obvertit
1305 2669 1430 2753 Grady.

431 2767 590 2839 “Faciam
605 2773 731 2841 etenim
746 2779 786 2842 ut
810 2773 951 2855 quisque
973 2771 1066 2841 hicce
1091 2777 1261 2841 terrarum
1282 2791 1435 2854 gemma·

428 2869 500 2938 n'us
512 2870 669 2941 notitiam
681 2872 729 2941 rei
737 2873 858 2955 capiat
874 2878 1013 2942 cunctos
1028 2893 1122 2941 meos
1133 2869 1294 2941 satellites
1308 2869 1352 2940 ad
1368 2870 1432 2939 hoc

430 2970 609 3053 negotium
626 2971 806 3055 delegabo;
818 2973 900 3041 faxo
914 2980 955 3041 ut
969 2971 1158 3041 Praefectus
1168 2969 1291 3041 Wilkie
1305 2971 1434 3054 aliquos

433 3090 572 3140 suorum
589 3071 673 3140 mihi
687 3072 882 3142 commodet
897 3126 905 3141 .
923 3125 930 3140 .
947 3071 976 3140 .''

516 3169 628 3250 “Quin
653 3172 746 3242 haud
768 3173 939 3255 oportebit
960 3178 1057 3241 tanta
1078 3170 1220 3254 moliri‚'’
1241 3170 1436 3254 interpellat

432 3269 584 3353 Godfrey
598 3271 735 3342 incurie.
749 3269 940 3342 “Crocbard
955 3293 1112 3355 gemmas
1132 3270 1344 3341 venumdare
1365 3291 1434 3341 non

432 3370 612 3440 tentabit.''

516 3470 615 3541 “Non
626 3471 837 3542 venumdare
848 3471 1036 3542 tentabit?”
1063 3478 1203 3554 stupens
1218 3469 1342 3553 quaerit
1353 3471 1433 3541 Gra·

435 3567 491 3653 dy.
504 3568 574 3641 “Ut
589 3572 670 3655 quid
685 3594 753 3641 non
759 3573 795 3645 ‘d'

518 3669 626 3755 “Quia
640 3693 778 3742 easnon
800 3672 1055 3754 habet,'’retert
1078 3670 1229 3753 Godfrey
1251 3668 1438 3752 subridens,

433 3767 526 3839 haud
549 3772 689 3841 obscure
704 3772 841 3842 laetatus
866 3779 1086 3854 conspectum
1112 3769 1229 3854 Grady
1253 3770 1438 3840 confusum

432 3890 585 3940 cernens.

522 3969 635 4041 “Cave
650 3971 719 4042 iam
734 3971 841 4042 verba
857 3971 939 4042 dare
952 3971 982 4041 l’'
1004 3971 1157 4054 increpat
1178 3991 1259 4040 eum
1282 3967 1440 4040 Delectus

431 4079 660 4155 exasperatus
676 4071 814 4143 “Sinon
832 4072 904 4155 ipse
921 4091 979 4143 eas
993 4071 1106 4154 habet,
1122 4070 1208 4155 quis,
1223 4069 1365 4153 malum,
1380 4069 1439 4140 ha·

434 4171 561 4247 beatr’
