3502 5158
597 892 721 948 eninr
741 893 887 948 onmrnn
908 893 1073 950 commu
1290 877 1332 952 53

332 1067 405 1133 erat
420 1062 520 1131 solus.
541 1060 734 1134 Simmonds
748 1069 784 1134 et
807 1061 1017 1145 Goldberger
1031 1083 1112 1132 eum
1126 1061 1332 1134 comitaban-

332 1170 399 1245 tur,
414 1182 561 1245 quorum
575 1163 695 1233 vultus
707 1162 898 1247 prodebant
911 1183 970 1233 eos
982 1162 1076 1233 haud
1090 1161 1203 1233 minus
1227 1183 1332 1246 quam

331 1283 387 1333 me
401 1261 548 1344 agitatos
562 1283 601 1332 ac
616 1262 736 1334 dubios
759 1285 843 1334 esse
876 1262 988 1332 Etiam
1014 1261 1137 1332 tertius
1161 1261 1332 1346 quiscum

331 1363 372 1433 iis
386 1365 470 1444 erat,
486 1382 590 1444 quem
604 1382 669 1445 ego
683 1385 753 1432 non
766 1384 904 1445 noram;
915 1362 975 1432 sed
988 1383 1067 1431 mox
1082 1361 1236 1433 intellexi
1251 1382 1332 1432 eum

331 1460 622 1545 Freylinghuisen,
636 1462 806 1533 medicum
823 1461 1000 1532 mortuarii
1014 1483 1097 1532 esse.

411 1594 455 1664 Hi
484 1616 603 1665 omnes
630 1595 776 1666 cadaver
800 1597 1030 1680 inspexerunt,
1046 1595 1330 1680 Freylinghuisen

331 1701 448 1766 autem
473 1693 620 1777 genibus
643 1696 756 1766 tultus
777 1717 918 1767 manum
942 1696 1090 1766 sauciam
1113 1695 1331 1780 inspiciebat;

331 1802 407 1866 tum
421 1794 518 1864 iuxta
532 1793 705 1865 doctorem
719 1795 864 1878 Hughes
878 1795 1040 1878 consedit,
1064 1801 1100 1864 et
1124 1797 1240 1879 paullo
1253 1802 1332 1879 post

331 1916 389 1966 eos
402 1893 569 1966 submissa
583 1915 666 1964 voce
682 1896 825 1979 colloqui
846 1894 1042 1966 audivimus
1056 1895 1154 1966 cuius
1168 1895 1332 1980 discepta-

330 1995 432 2066 tionis
445 1993 624 2064 materiam
639 1994 848 2066 substratam
861 1995 962 2067 facile
985 1995 1174 2066 coniectare
1198 2001 1332 2079 potera·

330 2117 416 2166 mus
445 2095 521 2178 Ego
545 2101 581 2164 et
605 2094 640 2165 id
663 2095 764 2166 facile
788 2095 947 2167 hariolari
973 2102 1127 2179 poteram
1151 2095 1194 2166 de
1208 2117 1278 2180 qua
1293 2117 1330 2166 re

330 2195 481 2278 Godtrey
511 2201 546 2264 et
577 2194 786 2279 Goldberger
809 2195 845 2266 in
870 2195 1024 2266 ulteriori
1044 2195 1170 2280 angulo
1186 2195 1330 2266 disseru-

329 2295 418 2366 erint
424 2316 433 2377 ;
456 2299 611 2364 attamen
625 2294 740 2366 minus
760 2294 919 2366 hariolari
942 2294 1080 2379 quibam
1103 2315 1210 2378 quare
1231 2293 1330 2365 Gold-

329 2394 461 2478 berger,
476 2394 549 2464 loco
571 2393 699 2478 aliquid
724 2394 859 2479 agendi,
883 2417 1020 2466 sursum
1043 2395 1270 2478 deorsumque
1294 2393 1330 2464 in

329 2494 479 2566 conclavi
493 2493 694 2578 ambularet,
718 2501 958 2579 mystacesque
983 2495 1158 2565 torsitaret
1180 2493 1329 2577 sollicite,

329 2601 364 2665 et
378 2593 624 2677 horologiolum
634 2596 738 2665 semel
747 2594 944 2679 iterumque
958 2600 1158 2678 aspectaret.
1172 2593 1330 2678 Aliquem

328 2701 525 2778 exspectare
538 2693 731 2778 videbatur,
746 2694 805 2765 sed
820 2717 890 2765 non
905 2701 985 2765 ante
999 2693 1149 2764 intellexi
1165 2715 1269 2777 quam
1280 2693 1329 2763 vi-

329 2793 415 2879 m'nti
430 2793 564 2864 minuta
577 2801 664 2877 post,
680 2795 758 2878 quis
772 2795 802 2865 is
815 2801 915 2866 esset
948 2794 1091 2865 Furibus
1105 2801 1189 2865 tunc
1203 2793 1330 2878 apertis

329 2895 382 2966 vir
396 2893 535 2978 quidam
548 2893 765 2964 intromissus
779 2900 833 2966 est
847 2893 1036 2965 humilioris
1049 2900 1203 2978 statium,
1226 2894 1329 2964 vultu

329 2994 483 3077 rubente,
497 2993 614 3077 spissis
628 2994 842 3079 strictimque
855 2992 985 3078 putatis
996 2993 1213 3078 mystacibus,
1224 2993 1330 3064 oculis

329 3094 564 3177 residentibus,
590 3101 783 3178 praeterque
807 3093 1091 3166 consuetudinem
1116 3093 1329 3164 micantibus

329 3195 506 3279 Ingressus
519 3194 679 3266 conclave
689 3194 929 3279 circumspexit
941 3201 977 3265 et
991 3194 1114 3279 capitis
1123 3200 1216 3264 nutu
1227 3192 1328 3265 Gold-

329 3295 452 3379 berger
466 3295 689 3378 consalutato,
704 3296 959 3379 quaerebundus
972 3316 1028 3366 me
1042 3294 1204 3380 aspexit”

411 3427 485 3498 “lin
499 3427 555 3498 hic
570 3429 633 3500 tibi
647 3429 730 3500 sisto
744 3431 877 3501 Herum
892 3430 1029 3512 Leston
1050 3429 1210 3499 Deiectus
1220 3427 1329 3499 Licto-

330 3529 400 3600 rius
415 3528 561 3612 Grady‚’'
575 3530 674 3601 tatur
694 3530 914 3614 Goldberger,
937 3551 1048 3614 quum
1071 3528 1218 3612 denique
1231 3528 1330 3599 intel·

327 3629 393 3700 lexi
407 3628 647 3700 administrum
662 3629 775 3714 ipsum
784 3629 952 3701 adecuria
962 3637 1127 3714 agentum
1139 3628 1329 3712 advenisse,

327 3737 368 3802 ut
382 3751 501 3800 casum
514 3734 627 3800 totum
643 3751 706 3801 sua
719 3731 755 3800 in
770 3753 915 3816 persona
929 3729 1192 3801 administraret.

408 3846 543 3918 “Herus
555 3847 685 3932 Lester,
699 3849 872 3920 consultor
881 3847 1046 3918 iurisheri
1060 3847 1238 3931 Vantine,”
1251 3845 1330 3918 sub

334 3948 448 4020 iunxit
462 3947 498 4018 in
513 3947 772 4031 explicationem
785 3948 1002 4020 mortuarius

327 4167 375 4238 ds
390 4063 555 4248 (333⁹,OE
570 4066 661 4136 Here
675 4065 806 4149 Lester,
820 4065 955 4136 novisse
970 4063 1135 4147 gaudeo?
1151 4061 1237 4133 dixit
1247 4083 1331 4147 pau·
