3536 5156
724 1791 874 1862 CAPUT
896 1792 1007 1862 XVIII

554 1979 628 2059 Epo
644 1985 676 2045 et
691 1979 790 2047 Arcu
806 1978 914 2046 Rom
929 1979 1159 2060 separamur.

444 2159 695 2242 QUAEsuouuM
710 2161 831 2230 mortis
858 2161 1067 2230 mortuarius
1082 2168 1220 2244 postero
1235 2161 1289 2229 die
1304 2160 1362 2230 ha·

363 2258 447 2342 buit,
463 2281 569 2341 quum
585 2260 675 2342 quod
690 2282 755 2342 ego
766 2260 971 2343 suspicabar,
982 2262 1076 2329 iacta
1086 2260 1360 2343 comprobarunt.

361 2359 506 2428 Decuria
531 2360 661 2429 lictoria
688 2360 770 2428 nihil
786 2359 875 2442 quod
891 2360 1055 2429 momenti
1076 2361 1199 2430 fuisset
1215 2361 1250 2428 in
1266 2359 1361 2454 testi·

360 2458 513 2528 monium
529 2460 672 2541 reperit;
694 2468 786 2529 certe
801 2459 883 2529 nihil
904 2460 977 2529 eius
991 2460 1041 2528 rei
1055 2481 1133 2542 quae
1147 2482 1260 2529 causae
1274 2480 1361 2528 mor-

360 2559 405 2627 tis
419 2559 566 2642 Philippi
580 2559 737 2640 Vantine,
752 2567 857 2642 atque
873 2560 1013 2642 Drouet‚
1034 2581 1164 2628 novum
1180 2561 1295 2628 lumen
1311 2559 1361 2628 ai-

360 2659 507 2727 fundere
522 2659 698 2741 potuisset.
723 2659 877 2728 Testium
892 2659 1036 2741 quisque
1051 2658 1171 2728 eodem
1194 2659 1270 2728 fere
1292 2680 1362 2726 ma

360 2759 404 2827 d0
417 2780 487 2841 quo
503 2781 568 2841 ego
583 2759 637 2827 hic
653 2768 799 2828 eventus
820 2760 983 2841 narravit,
999 2759 1128 2828 iuratos
1152 2767 1269 2829 autern
1292 2780 1362 2827 ma·

360 2859 525 2928 nitestum
549 2865 622 2928 erat
646 2859 680 2928 iu
696 2859 919 2942 aenigmatum
945 2858 1147 2942 ambagibus
1170 2858 1363 2942 deperditos

359 2958 476 3028 fuisse.

443 3060 570 3142 Magno
585 3060 667 3130 mihi
683 3061 753 3129 tuit
768 3061 961 3129 levamento
987 3060 1078 3143 quod
1093 3060 1165 3129 sine
1180 3082 1235 3129 me
1251 3059 1361 3130 decla-

359 3166 474 3227 ratum
489 3165 542 3228 est
558 3161 634 3242 quis
650 3161 781 3228 Drouet
794 3160 928 3228 fuisset.
951 3160 1071 3242 Bulga'e
1087 3180 1191 3242 quam
1207 3160 1241 3229 in
1257 3160 1362 3243 crepi-

359 3259 437 3328 dine
453 3260 646 3343 reliquerat,
671 3261 808 3329 decuria
833 3260 989 3329 lictorum
1016 3261 1210 3343 postulante
1232 3263 1361 3356 aperta,

359 3359 393 3426 in
410 3381 451 3427 ea
464 3359 630 3429 cistellula
657 3360 868 3442 pagellarum
884 3381 946 3429 suo
961 3360 1098 3428 nomine
1121 3359 1362 3442 inscriptarum

360 3466 496 3540 reperta
509 3467 572 3528 est.
595 3459 709 3542 Quare
723 3459 824 3528 aliam
839 3481 943 3542 quarn
959 3481 1057 3528 suam
1072 3459 1220 3529 Vantine
1236 3460 1362 3528 submi·

359 3559 450 3641 serit,
464 3559 614 3643 quidque
629 3559 757 3642 negotii
776 3581 856 3628 cum
876 3559 1025 3629 Vantine
1039 3559 1208 3642 habuerit,
1225 3559 1361 3630 decuria

359 3659 487 3727 nullam
503 3658 705 3744 submittere
721 3659 833 3741 quivit
848 3659 1064 3740 sententiam,
1079 3680 1142 3728 nec
1158 3681 1223 3742 ego
1248 3659 1281 3728 id
1305 3681 1362 3728 ex·

359 3757 483 3840 plicare
497 3759 626 3841 negotii
642 3780 714 3828 esse
730 3758 812 3827 duxi
823 3759 899 3840 mei,
912 3757 1188 3840 quandoquidem
1198 3780 1361 3828 arcanum

361 3858 435 3926 eius
449 3858 569 3927 mortis
583 3866 706 3927 neutro
722 3858 757 3926 in
773 3865 900 3927 eventu
922 3857 1045 3927 clarius
1059 3859 1219 3928 futurum
1234 3865 1318 3928 erat.

442 3957 543 4026 Haud
558 3957 748 4027 inidiculus
762 3957 987 4039 inquisitionis
1002 3965 1148 4027 eventus
1162 3964 1237 4026 erat
1251 3965 1361 4028 tenta·

361 4078 440 4126 men
455 4056 528 4126 heri
544 4057 761 4140 Goldberger‚
785 4064 824 4126 ut
845 4056 1003 4126 credibile
1018 4062 1071 4127 est
1085 4078 1106 4126 a
1121 4056 1236 4140 Grady
1248 4059 1361 4141 profe·

361 4163 466 4241 ctum,
482 4156 633 4242 Godfrey
647 4157 817 4241 carpendi.
