3554 5156
764 851 942 906 causano
1310 835 1352 904 83

354 1022 458 1092 herus
488 1022 639 1104 Godfrey
668 1021 703 1090 in
737 1021 917 1091 musican‘o
953 1021 1185 1090 morabamini.
1228 1019 1353 1088 Doctor

354 1123 498 1205 Hughes
512 1144 592 1192 eum
605 1123 728 1192 misit.''

438 1222 513 1293 “Sic
527 1245 581 1292 res
595 1245 630 1292 se
645 1223 779 1304 habet,”
795 1222 975 1292 confirmat
990 1222 1179 1303 homullus;
1204 1220 1353 1303 “nosque

355 1324 501 1393 cadaver
516 1346 577 1408 pro
592 1325 712 1406 capulo
727 1331 886 1406 paratum
901 1323 1076 1392 habemus.
1100 1321 1137 1390 ld
1154 1328 1189 1390 et
1213 1327 1352 1402 aspectu

356 1425 536 1508 pulchrum
551 1430 613 1505 est,
629 1446 716 1506 opus
731 1430 846 1493 tamen
868 1423 976 1492 arduo
1000 1423 1113 1492 labore
1139 1423 1353 1504 perfecimus.

357 1526 548 1606 Venenone,
564 1527 712 1606 obsecro,
726 1525 796 1594 fuit
811 1526 864 1594 ille
880 1525 1107 1607 interemptus
1115 1524 1151 1592 ?”

439 1625 513 1695 “lta
527 1625 626 1708 fuitss’
641 1626 798 1709 respondi
815 1625 962 1709 quodam
987 1625 1099 1706 taedio,
1123 1623 1275 1693 “veneno
1300 1645 1356 1692 ex·

357 1726 514 1796 tinctus.”

441 1825 578 1896 “Genus
592 1826 847 1895 virulentissimi
872 1825 993 1894 veneni
1020 1825 1053 1895 id
1084 1825 1154 1894 fuit
1184 1825 1355 1909 profecto;

358 1949 419 1996 nec
444 1926 586 1996 dixerim
611 1948 673 1995 nos
697 1927 798 1995 nimis
823 1933 957 1994 mature
981 1926 1168 1994 advenisse.
1200 1925 1356 2008 Quonam

357 2028 410 2096 vis
426 2025 572 2095 cadaver
587 2027 789 2096 collocemus
803 2028 839 2097 ?''

441 2126 532 2197 “Cur
554 2149 623 2195 non
639 2127 684 2196 ibi
700 2127 759 2196 ubi
774 2128 874 2197 modo
890 2134 941 2197 est
957 2127 1170 2209 relinquatur
1184 2127 1219 2197 ?’'
1237 2147 1355 2209 quaero

357 2227 547 2309 impatiens

441 2326 544 2396 “Esto
560 2335 600 2396 ut
614 2328 719 2410 iubes,
736 2328 781 2396 mi
798 2328 918 2410 Here,’'
942 2349 1100 2397 assensus
1122 2328 1219 2397 latur
1246 2327 1357 2406 homa,

358 2448 465 2510 quum
480 2428 550 2510 ipse
566 2429 759 2511 caeterique,
769 2450 895 2510 magno
910 2449 986 2497 meo
1002 2429 1178 2509 levamine,
1194 2449 1272 2496 cum
1287 2427 1359 2495 libi-

359 2528 481 2596 tinario
497 2528 733 2598 discesserunt.

442 2627 692 2710 “Nuncve10,”
709 2630 861 2711 alloquor
884 2629 1001 2711 Parks,
1017 2628 1090 2698 “est
1114 2627 1240 2711 aliquid
1268 2626 1357 2709 quod

357 2728 419 2797 tibi
433 2728 543 2798 dicere
559 2730 671 2799 velim.
693 2729 820 2798 Eamus
835 2730 947 2812 aliquo
962 2737 997 2799 et
1011 2729 1275 2799 consideamus.''

442 2827 552 2912 “Quid
568 2829 595 2898 si
611 2830 645 2897 in
662 2829 814 2898 studium
837 2830 1097 2911 ascenderimus
1108 2829 1153 2898 mi
1170 2829 1290 2898 Here?
1305 2827 1360 2896 Tu

361 2951 428 2998 non
443 2952 563 3012 parum
579 2930 705 2999 videris
720 2953 793 2998 esse
808 2932 995 3012 conlectus
1012 2931 1039 2999 si
1054 2932 1167 2999 fassit
1184 2930 1231 2998 ita
1256 2929 1358 3012 loqui.

361 3030 536 3100 Licebitnc
550 3031 632 3100 mihi
647 3031 773 3112 aliquid
788 3031 831 3099 ad
847 3031 1058 3113 gustandum
1072 3031 1195 3100 afferre
1205 3031 1241 3100 ?’'

442 3129 631 3199 “Brisaeum
645 3131 898 3212 acidulatum‚”¹
915 3131 1066 3214 inquam,
1093 3130 1140 3200 “si
1164 3132 1213 3200 ita
1239 3131 1360 3212 placet,

363 3233 466 3300 etiam
482 3253 543 3312 pro
559 3231 624 3300 te.”

444 3329 627 3400 “Libenter
648 3330 782 3414 faciam,
805 3331 895 3400 Here
917 3332 993 3414 mi‚''
1026 3339 1062 3401 et
1092 3354 1200 3415 pauca
1228 3333 1362 3401 minuta

360 3439 437 3515 post
451 3431 569 3500 eodem
581 3432 615 3501 in
626 3432 782 3500 cubiculo
798 3453 816 3500 e
832 3433 970 3514 regione
986 3432 1131 3501 invicem
1147 3433 1359 3514 sedebamus

343 3617 345 3620 Ι
363 3532 422 3600 ubi
437 3554 504 3601 non
520 3532 637 3601 multis
652 3532 743 3601 horis
758 3539 838 3600 ante
853 3532 957 3600 herus
973 3533 1119 3603 Vantine
1143 3533 1261 3603 eodem
1277 3540 1362 3616 potu

360 3653 415 3702 me
430 3639 653 3701 recreaverat.
679 3631 770 3702 Dum
782 3632 890 3701 Parks
905 3633 986 3702 mihi
1002 3634 1227 3702 exadversum
1242 3634 1364 3702 reside-

463 3817 486 3868 1.
504 3817 610 3882 Aquam
637 3815 769 3877 fossilem,
789 3817 833 3868 vel
856 3817 1030 3878 metallicam,
1053 3815 1213 3879 acidulom,
1236 3817 1295 3870 sive
1317 3833 1363 3882 per

362 3900 530 3952 adiectivum·
540 3915 598 3962 -us,
615 3915 655 3962 -o,
671 3916 744 3962 -um,
761 3900 819 3953 sive
831 3917 878 3965 per
889 3917 989 3953 nomen
1003 3899 1133 3962 acidulo,
1150 3916 1194 3964 -ω,
1220 3917 1363 3962 vocamus,

361 3973 454 4050 itaque
466 3981 622 4036 ooidulura
636 3990 664 4038 et
681 3983 867 4037 acidulutum
886 3985 1001 4037 adhibeo
1026 3984 1059 4037 ad
1078 3985 1253 4037 indicandum
1272 3991 1364 4036 actum

361 4067 501 4133 quodlibet
514 4073 646 4121 temetum
659 4067 781 4120 aciduld
795 4069 972 4135 temperandi,
997 4075 1028 4122 ut
1046 4070 1170 4135 Europaei
1191 4069 1301 4121 diluunt
1323 4071 1364 4121 vi-

362 4167 436 4213 num,
448 4151 520 4218 apud
531 4153 637 4220 Anglos
650 4151 789 4206 brianum
802 4159 830 4207 et
844 4153 1002 4208 secdlinum.
