3554 5156
732 850 838 906 ocuu
857 849 1046 904 amaneus
1335 833 1399 906 119

390 1039 557 1101 reversus,
572 1018 703 1088 lumina
718 1018 857 1102 spiritus
871 1017 1123 1088 lithanthracini
1144 1017 1308 1088 accendit.
1339 1017 1393 1086 ln-

388 1125 444 1188 tra
470 1125 683 1188 momentum
713 1118 843 1188 lumina
872 1118 1041 1188 interioris
1070 1139 1207 1202 quoque
1242 1117 1389 1187 cubiculi

390 1224 603 1288 exarserunt.

474 1317 556 1400 “En
572 1319 664 1389 Here
679 1319 736 1401 mi,
752 1317 858 1388 habes
873 1325 934 1388 tua
958 1318 1118 1400 lumina,”
1144 1317 1257 1402 inquit
1282 1317 1391 1387 Parks

390 1440 512 1489 versus
526 1419 664 1489 ianuam
679 1418 848 1488 recedens.
871 1417 1129 1502 “Quidquamne
1145 1441 1200 1488 me
1214 1416 1312 1488 vis?'’
1483 1425 1488 1436 '

474 1517 594 1588 “Modo
609 1541 687 1588 non.
704 1519 870 1601 Exspecta
884 1525 999 1587 tamen
1014 1518 1105 1587 intra
1119 1517 1295 1588 ambitum.
1312 1517 1392 1586 For·

390 1625 479 1688 tasse
495 1640 580 1702 opus
595 1625 630 1687 te
645 1618 875 1688 habebimus.”
911 1619 1050 1688 Monere
1073 1640 1153 1688 eum
1179 1617 1335 1687 volebam
1349 1624 1390 1687 ut

389 1718 535 1788 securim
548 1719 583 1786 in
597 1725 758 1801 promptu
773 1718 925 1800 haberet,
940 1718 1004 1788 nisi
1020 1716 1111 1801 quod
1138 1717 1289 1800 Godfrey
1312 1716 1390 1786 sub·

390 1818 557 1888 ridentem
573 1818 652 1887 vidi.

472 1917 595 2000 “Bene,
618 1918 665 1987 mi
687 1919 808 2000 Here,’'
830 1919 1003 2002 respondit
1026 1919 1143 2002 Parks,
1168 1916 1261 1988 haud
1287 1916 1389 1987 dubie

387 2018 487 2088 laetus
502 2018 675 2088 discedens
689 2019 810 2088 clausit
825 2019 972 2088 ianuam.

471 2117 553 2187 Post
567 2117 641 2187 haec
655 2118 690 2186 in
705 2118 849 2188 interius
862 2118 1056 2188 cubiculum
1070 2117 1234 2202 praecessi.

471 2217 578 2287 “Ecce
593 2218 647 2287 hic
662 2240 703 2287 ea
718 2219 801 2300 est,”
815 2219 965 2302 inquam,
980 2219 1100 2302 capitis
1122 2226 1212 2288 nutu
1237 2217 1390 2287 indicans

389 2339 503 2387 arcam
533 2318 649 2400 souis,
675 2318 711 2387 in
736 2319 835 2401 pleno
866 2325 1014 2388 stantem
1044 2319 1213 2387 luminum
1242 2318 1389 2400 fulgore,

389 2437 526 2500 quaque
548 2417 713 2500 particula
743 2417 894 2486 intestini
910 2418 1020 2500 operis
1046 2417 1190 2487 basilisci
1213 2418 1388 2486 oculorum

389 2517 497 2587 instar
516 2517 690 2586 micanste.
728 2516 850 2587 “Haud
876 2539 950 2588 sero
976 2525 1037 2601 est,
1057 2517 1105 2588 mi
1128 2516 1290 2600 Godfrey,
1313 2537 1390 2586 eam

390 2617 527 2686 missam
542 2617 687 2686 iacere.”

474 2714 567 2785 “lmo
583 2738 665 2786 vero
680 2717 765 2798 est‚”
780 2716 1015 2800 frigidiuscule
1029 2717 1100 2800 ipse
1114 2718 1223 2786 refert
1238 2716 1321 2786 dum
1336 2723 1389 2785 tu·
1485 2754 1491 2776 ·

389 2817 502 2886 nicam
527 2816 632 2886 exuit.
657 2815 750 2887 “lam
766 2840 806 2888 eo
829 2825 1003 2887 momento
1026 2839 1095 2901 quo
1116 2817 1199 2886 mihi
1214 2817 1390 2887 historiam

387 2917 461 2988 eius
475 2939 677 2986 narraveras
692 2939 766 2987 sero
781 2918 859 2987 ruit.
885 2918 991 3000 Quid?
1013 2918 1142 3000 Lester,
1157 2917 1184 2987 si
1205 2939 1282 2988 eam
1296 2939 1389 2986 nunc

388 3017 569 3099 mitterem,
585 3039 762 3101 nunquam
777 3018 922 3101 amplius
936 3017 1117 3088 dormirem
1125 3017 1154 3087 !”

472 3115 551 3187 “Sin
567 3139 649 3186 vero
663 3117 786 3201 minus,
810 3140 988 3202 nunquam
1012 3118 1158 3201 amplius
1182 3116 1390 3202 evigilabis,”

389 3215 559 3286 subiunxi.

472 3317 555 3386 Leni
570 3317 641 3387 risu
655 3317 838 3401 respondit.

472 3414 605 3499 “Quam
628 3439 727 3501 asper
749 3425 790 3487 tu
812 3425 910 3488 vates
933 3418 988 3488 es!
1017 3418 1173 3489 Admove
1195 3419 1241 3488 sis
1262 3417 1388 3502 sellam,

388 3538 514 3600 meque
529 3517 705 3587 observa.’'

471 3617 612 3688 lnterim
634 3617 783 3688 manicas
806 3618 982 3689 subuculae
1003 3641 1076 3690 suae
1105 3641 1242 3690 sursum
1269 3618 1388 3703 volvit,

387 3717 589 3787 laternulam
612 3726 729 3787 autem
753 3719 943 3788 electricam
966 3719 1064 3789 iuxta
1085 3741 1199 3789 arcam
1222 3719 1387 3802 deposuit.

388 3817 474 3887 Dein
490 3817 635 3887 brachiis
649 3818 755 3900 plexis
769 3818 939 3902 paulisper
965 3819 1079 3889 oculos
1093 3819 1128 3889 in
1143 3818 1266 3888 eximio
1287 3841 1388 3902 opere

388 3916 462 3986 heri
478 3917 584 3986 Boule
599 3918 704 4000 pavit.

475 4017 565 4086 “Est
579 4017 652 4086 haec
669 4039 788 4087 revera
810 4017 1026 4101 pulchritudo
1050 4018 1153 4103 ipsa,''
1177 4017 1315 4088 tandem
1337 4019 1389 4089 fa-

386 4123 454 4200 tur,
469 4123 545 4186 tum
559 4117 690 4188 forulos
704 4119 851 4201 pusillos,
867 4140 976 4188 unum
991 4127 1068 4202 post
1082 4119 1239 4202 alterum,
1253 4119 1389 4203 evulsit,
