3536 5156
425 872 487 942 160
611 865 615 878 '
681 887 892 942 ursmarum
913 887 1022 942 nucu
1042 880 1162 944 aouua

509 1053 622 1126 “Nihil
638 1055 761 1126 exista
776 1063 932 1139 superest
952 1055 1123 1138 historia,'’
1148 1057 1245 1126 fatur
1271 1056 1424 1141 Godtrey

424 1177 507 1226 voce
521 1155 630 1238 firma,
646 1153 726 1225 “sed
742 1161 795 1226 est
809 1162 845 1226 et
859 1156 997 1226 altera.’'

506 1254 638 1340 “Quidl
659 1263 695 1326 et
709 1256 857 1328 alteral''
873 1255 1055 1340 respiciens
1069 1256 1104 1326 in
1119 1279 1200 1327 eum
1214 1258 1338 1341 quaerit
1352 1279 1424 1328 ma·

426 1362 526 1426 trona
539 1357 663 1426 velata.

507 1455 652 1538 “Quaere
666 1477 710 1526 cx
724 1479 775 1539 ea,
790 1456 892 1538 Hera,
920 1478 1069 1540 quonam
1095 1457 1267 1542 proposito
1291 1459 1365 1542 ipsa
1387 1459 1423 1528 in

422 1556 510 1626 hanc
525 1557 665 1626 domum
678 1556 811 1627 venerit
830 1556 956 1630 nudius
981 1558 1104 1628 tertius
1128 1559 1271 1642 vesperi,
1297 1558 1423 1629 locuta·

421 1657 539 1741 quein
553 1656 618 1727 isto
632 1656 784 1726 conclavi
798 1679 879 1727 cum
894 1657 1047 1742 Philippo
1061 1658 1208 1729 Vantine
1224 1659 1363 1728 fuerit”

505 1755 605 1826 “Non
619 1757 685 1826 feci
695 1755 725 1826 l”
740 1756 881 1840 quiritat
895 1756 1016 1841 puella,
1031 1759 1133 1828 vultu
1148 1757 1316 1841 flagranti.
1328 1759 1422 1830 Men-

428 1857 537 1928 dacirn
551 1863 614 1926 est.

506 1955 609 2027 “Esto
624 1955 727 2039 haud,
743 1977 830 2041 opus
851 1963 963 2028 estut
991 1957 1081 2028 dicat
1092 1958 1121 2027 !''
1144 1959 1282 2028 immitis
1311 1961 1424 2042 pergit

424 2056 586 2140 Godfrey.
609 2057 761 2141 Quisque
776 2057 997 2128 stultissimus
1011 2058 1111 2128 facile
1125 2058 1301 2129 divinabit.
1322 2060 1426 2130 Venit

425 2178 486 2242 pro
501 2157 643 2228 litteris!
664 2157 825 2228 Cosilium
846 2165 984 2241 ceperat
998 2165 1043 2242 te,
1059 2159 1161 2243 Hera,
1187 2158 1423 2228 diffamandi!”

509 2255 744 2328 “Mendacium
759 2257 849 2328 cst!''
870 2258 997 2328 iterum
1012 2258 1154 2342 quiritat
1168 2260 1289 2343 puella
1319 2258 1425 2331 “Veni

425 2379 485 2442 spe
499 2357 603 2428 ducta
617 2379 695 2428 eam
710 2357 878 2440 servandi,
893 2357 938 2428 ad
954 2411 962 2428 .
979 2412 987 2428 .
1003 2359 1033 2428 .”

508 2459 661 2542 Impetus
676 2457 892 2540 singultuum
906 2459 1082 2529 furentem
1093 2481 1190 2544 paene
1202 2461 1424 2530 suffocarunt

508 2559 701 2629 Matronam
726 2559 874 2628 velatam
904 2559 1162 2630 contremiscere
1190 2560 1425 2643 animadverti,

426 2661 542 2729 sellam
556 2658 602 2729 illi
619 2659 790 2743 supposui,
805 2658 956 2743 inquam
978 2681 1014 2731 se
1039 2660 1159 2743 gratiis
1184 2681 1245 2744 per
1268 2683 1426 2732 murmur

428 2757 569 2830 redditis
583 2759 727 2829 demisit.

510 2859 703 2930 “Praeterea
725 2864 848 2930 testem
874 2881 936 2930 eus
957 2861 1006 2930 rei
1026 2859 1222 2943 habemus,”
1248 2859 1426 2946 subiungit

431 2959 592 3043 Godfrey.
615 2958 858 3030 “Accersamne
874 2961 1007 3031 lictores
1021 2961 1114 3031 Hera
1125 2962 1161 3032 ‘l'’

350 3065 355 3074 '
512 3058 622 3143 “Noll,
637 3058 743 3130 noli!’'
756 3061 881 3130 clamat
896 3061 1007 3144 puella
1021 3061 1123 3131 vultu
1147 3061 1221 3132 fere
1245 3060 1426 3132 cadavero

426 3182 473 3230 so.
496 3158 729 3242 “Edisseram
751 3161 865 3230 omnia
886 3160 1077 3232 edisseram.
1099 3161 1162 3233 Vel
1178 3161 1328 3245 spatium
1342 3168 1426 3233 tem·

428 3259 520 3345 poris
533 3259 678 3330 concede
691 3259 721 3328 !'’

509 3361 645 3431 Interea
658 3359 702 3430 ad
718 3382 754 3431 se
768 3360 1009 3444 possidendum
1024 3383 1141 3432 secum
1167 3363 1353 3433 colluctans
1375 3385 1426 3434 se·

426 3460 539 3544 debat,
552 3461 650 3531 cuius
664 3460 713 3530 rei
727 3459 888 3531 indicium
902 3468 977 3532 erat
991 3464 1111 3532 vultus
1125 3469 1256 3545 torvus,
1271 3463 1426 3534 maculis-

426 3581 493 3646 que
507 3559 658 3631 striatus.
680 3561 771 3630 Tum
785 3560 856 3630 vidi
871 3563 986 3632 oculos
1000 3561 1074 3632 eius
1088 3561 1201 3647 pandi,
1224 3569 1260 3633 et
1285 3563 1425 3634 circum-

427 3660 570 3746 spiciens
583 3660 810 3731 animadverti
835 3662 965 3744 Rogers
989 3683 1025 3732 se
1050 3662 1095 3733 ad
1117 3662 1305 3733 sedendum
1329 3662 1426 3734 oolle-

427 3761 527 3846 gisse,
549 3760 720 3845 lividaque
739 3761 826 3832 facie
848 3761 962 3832 oculos
981 3761 1018 3831 in
1038 3762 1186 3846 puellam
1214 3761 1343 3835 defixos
1377 3769 1425 3834 te·

427 3882 519 3932 nere.

511 3962 597 4044 Ipsa,
610 3982 651 4031 eo
667 3959 750 4043 viso,
765 3961 839 4030 fere
853 3959 888 4031 in
903 3962 1058 4032 furorem
1072 3970 1151 4034 acta
1165 3969 1227 4034 est.

511 4059 586 4131 “lu
599 4059 630 4131 is
642 4058 739 4132 fuisti
749 4059 779 4130 !”
794 4060 935 4144 quiritat
949 4063 1070 4146 puella,
1097 4063 1222 4146 pugnis
1235 4085 1315 4134 eum
1330 4065 1426 4135 mini·

427 4167 510 4232 tata
533 4159 607 4232 “Tu
621 4183 676 4232 me
691 4159 887 4245 prodidisti!
908 4161 972 4246 Tu,
988 4161 1132 4245 ignave!
1154 4162 1325 4247 lgnave!”
