<?xml version="1.0" encoding="UTF-8"?>
<!DOCTYPE html PUBLIC "-//W3C//DTD XHTML 1.0 Transitional//EN"
    "http://www.w3.org/TR/xhtml1/DTD/xhtml1-transitional.dtd">
<html xmlns="http://www.w3.org/1999/xhtml" xml:lang="en" lang="en">
 <head>
  <title>
</title>
<meta http-equiv="Content-Type" content="text/html;charset=utf-8" />
  <meta name='ocr-system' content='tesseract 3.04.00' />
  <meta name='ocr-capabilities' content='ocr_page ocr_carea ocr_par ocr_line ocrx_word'/>
</head>
<body>
  <div class='ocr_page' id='page_1' title='image "./mysteriumarcbou00mogygoog/mysteriumarcbou00mogygoog_0334.png"; bbox 0 0 3500 5158; ppageno 0'>
   <div class='ocr_carea' id='block_1_1' title="bbox 538 877 1318 950">
    <p class='ocr_par' dir='ltr' id='par_1_1' title="bbox 538 877 1318 950">
     <span class='ocr_line' id='line_1_1' title="bbox 538 877 1318 950; baseline 0 -2"><span class='ocrx_word' id='word_1_1' title='bbox 538 893 732 949; x_wconf 80' lang='lat' dir='ltr'>cuocmmn</span> <span class='ocrx_word' id='word_1_2' title='bbox 754 895 934 949; x_wconf 77' lang='lat' dir='ltr'>annocum</span> <span class='ocrx_word' id='word_1_3' title='bbox 956 894 1094 950; x_wconf 82' lang='lat' dir='ltr'>scmmr</span> <span class='ocrx_word' id='word_1_4' title='bbox 1255 877 1318 948; x_wconf 86' lang='grc'>319</span> 
     </span>
    </p>
   </div>
   <div class='ocr_carea' id='block_1_2' title="bbox 402 1057 950 1129">
    <p class='ocr_par' dir='ltr' id='par_1_2' title="bbox 402 1057 950 1129">
     <span class='ocr_line' id='line_1_2' title="bbox 402 1057 950 1129; baseline -0.002 -1"><span class='ocrx_word' id='word_1_5' title='bbox 402 1057 514 1129; x_wconf 89' lang='lat' dir='ltr'>“Hero</span> <span class='ocrx_word' id='word_1_6' title='bbox 529 1058 665 1128; x_wconf 87' lang='lat' dir='ltr'>Rectori</span> <span class='ocrx_word' id='word_1_7' title='bbox 679 1059 789 1129; x_wconf 90' lang='lat' dir='ltr'>Musei</span> <span class='ocrx_word' id='word_1_8' title='bbox 804 1059 950 1129; x_wconf 89' lang='lat' dir='ltr'>Louvre:</span> 
     </span>
    </p>
   </div>
   <div class='ocr_carea' id='block_1_3' title="bbox 317 1191 1323 2195">
    <p class='ocr_par' dir='ltr' id='par_1_3' title="bbox 317 1191 1323 2195">
     <span class='ocr_line' id='line_1_3' title="bbox 383 1191 1320 1276; baseline 0 -14"><span class='ocrx_word' id='word_1_9' title='bbox 383 1191 649 1263; x_wconf 72' lang='lat' dir='ltr'>“Bonaiortuna</span> <span class='ocrx_word' id='word_1_10' title='bbox 658 1191 740 1262; x_wconf 91' lang='lat' dir='ltr'>mihi</span> <span class='ocrx_word' id='word_1_11' title='bbox 751 1191 893 1274; x_wconf 79' lang='lat' dir='ltr'>contigit</span> <span class='ocrx_word' id='word_1_12' title='bbox 902 1193 1083 1262; x_wconf 86' lang='lat' dir='ltr'>adamante</span> <span class='ocrx_word' id='word_1_13' title='bbox 1093 1214 1238 1276; x_wconf 88' lang='lat' dir='ltr'>rosaceo,</span> <span class='ocrx_word' id='word_1_14' title='bbox 1249 1193 1320 1263; x_wconf 90' lang='lat' dir='ltr'>Ma·</span> 
     </span>
     <span class='ocr_line' id='line_1_4' title="bbox 317 1276 1321 1442; baseline 0 -13"><span class='ocrx_word' id='word_1_15' title='bbox 317 1276 906 1442; x_wconf 62' lang='lat' dir='ltr'>tmtlttlltlttllltlltt</span> <span class='ocrx_word' id='word_1_16' title='bbox 922 1276 1321 1442; x_wconf 61' lang='lat' dir='ltr'>llltllntltll</span> 
     </span>
     <span class='ocr_line' id='line_1_5' title="bbox 318 1443 1321 1526; baseline 0.001 -15"><span class='ocrx_word' id='word_1_17' title='bbox 318 1445 429 1513; x_wconf 89' lang='lat' dir='ltr'>vitreo</span> <span class='ocrx_word' id='word_1_18' title='bbox 443 1443 534 1525; x_wconf 91' lang='lat' dir='ltr'>picto</span> <span class='ocrx_word' id='word_1_19' title='bbox 549 1443 667 1513; x_wconf 80' lang='lat' dir='ltr'>fallere</span> <span class='ocrx_word' id='word_1_20' title='bbox 682 1445 909 1512; x_wconf 89' lang='lat' dir='ltr'>necessarium</span> <span class='ocrx_word' id='word_1_21' title='bbox 925 1444 1094 1513; x_wconf 87' lang='lat' dir='ltr'>videatur.</span> <span class='ocrx_word' id='word_1_22' title='bbox 1117 1443 1247 1526; x_wconf 84' lang='lat' dir='ltr'>Insigni</span> <span class='ocrx_word' id='word_1_23' title='bbox 1261 1444 1321 1512; x_wconf 92' lang='lat' dir='ltr'>mi-</span> 
     </span>
     <span class='ocr_line' id='line_1_6' title="bbox 318 1526 1320 1610; baseline -0.001 -14"><span class='ocrx_word' id='word_1_24' title='bbox 318 1526 353 1596; x_wconf 96' lang='lat' dir='ltr'>hi</span> <span class='ocrx_word' id='word_1_25' title='bbox 368 1526 433 1596; x_wconf 89' lang='lat' dir='ltr'>erit</span> <span class='ocrx_word' id='word_1_26' title='bbox 449 1528 615 1610; x_wconf 87' lang='lat' dir='ltr'>voluptati</span> <span class='ocrx_word' id='word_1_27' title='bbox 630 1548 802 1610; x_wconf 83' lang='lat' dir='ltr'>gemmam</span> <span class='ocrx_word' id='word_1_28' title='bbox 817 1528 904 1597; x_wconf 91' lang='lat' dir='ltr'>hanc</span> <span class='ocrx_word' id='word_1_29' title='bbox 919 1528 980 1597; x_wconf 91' lang='lat' dir='ltr'>tibi</span> <span class='ocrx_word' id='word_1_30' title='bbox 993 1528 1118 1597; x_wconf 88' lang='lat' dir='ltr'>donare</span> <span class='ocrx_word' id='word_1_31' title='bbox 1133 1549 1213 1596; x_wconf 91' lang='lat' dir='ltr'>cum</span> <span class='ocrx_word' id='word_1_32' title='bbox 1228 1527 1320 1597; x_wconf 92' lang='lat' dir='ltr'>omni</span> 
     </span>
     <span class='ocr_line' id='line_1_7' title="bbox 317 1610 1320 1694; baseline 0 -14"><span class='ocrx_word' id='word_1_33' title='bbox 317 1610 456 1680; x_wconf 87' lang='lat' dir='ltr'>honoris</span> <span class='ocrx_word' id='word_1_34' title='bbox 481 1611 684 1692; x_wconf 88' lang='lat' dir='ltr'>testimonio,</span> <span class='ocrx_word' id='word_1_35' title='bbox 700 1611 727 1680; x_wconf 92' lang='lat' dir='ltr'>si</span> <span class='ocrx_word' id='word_1_36' title='bbox 743 1611 843 1680; x_wconf 91' lang='lat' dir='ltr'>modo</span> <span class='ocrx_word' id='word_1_37' title='bbox 869 1611 938 1680; x_wconf 83' lang='lat' dir='ltr'>Sua</span> <span class='ocrx_word' id='word_1_38' title='bbox 964 1611 1145 1693; x_wconf 90' lang='lat' dir='ltr'>Celsitudo,</span> <span class='ocrx_word' id='word_1_39' title='bbox 1172 1612 1320 1694; x_wconf 81' lang='lat' dir='ltr'>Magnus</span> 
     </span>
     <span class='ocr_line' id='line_1_8' title="bbox 322 1694 1322 1776; baseline 0 -12"><span class='ocrx_word' id='word_1_40' title='bbox 322 1695 401 1764; x_wconf 90' lang='lat' dir='ltr'>Dux</span> <span class='ocrx_word' id='word_1_41' title='bbox 428 1695 581 1776; x_wconf 89' lang='lat' dir='ltr'>Michael,</span> <span class='ocrx_word' id='word_1_42' title='bbox 596 1695 694 1764; x_wconf 87' lang='lat' dir='ltr'>velut</span> <span class='ocrx_word' id='word_1_43' title='bbox 718 1694 908 1764; x_wconf 87' lang='lat' dir='ltr'>donationis</span> <span class='ocrx_word' id='word_1_44' title='bbox 925 1695 1044 1775; x_wconf 91' lang='lat' dir='ltr'>socius,</span> <span class='ocrx_word' id='word_1_45' title='bbox 1060 1716 1124 1765; x_wconf 90' lang='lat' dir='ltr'>sua</span> <span class='ocrx_word' id='word_1_46' title='bbox 1144 1696 1322 1764; x_wconf 83' lang='lat' dir='ltr'>voluntate</span> 
     </span>
     <span class='ocr_line' id='line_1_9' title="bbox 320 1777 1322 1861; baseline 0 -14"><span class='ocrx_word' id='word_1_47' title='bbox 320 1778 403 1847; x_wconf 91' lang='lat' dir='ltr'>mihi</span> <span class='ocrx_word' id='word_1_48' title='bbox 417 1778 616 1861; x_wconf 82' lang='lat' dir='ltr'>adstipulari</span> <span class='ocrx_word' id='word_1_49' title='bbox 631 1778 723 1847; x_wconf 90' lang='lat' dir='ltr'>velit.</span> <span class='ocrx_word' id='word_1_50' title='bbox 745 1778 871 1857; x_wconf 82' lang='lat' dir='ltr'><strong>Quodsi</strong></span> <span class='ocrx_word' id='word_1_51' title='bbox 901 1799 984 1846; x_wconf 87' lang='lat' dir='ltr'>vero</span> <span class='ocrx_word' id='word_1_52' title='bbox 1012 1779 1201 1860; x_wconf 85' lang='lat' dir='ltr'><strong>negaverit,</strong></span> <span class='ocrx_word' id='word_1_53' title='bbox 1232 1777 1322 1848; x_wconf 91' lang='lat' dir='ltr'>tristi</span> 
     </span>
     <span class='ocr_line' id='line_1_10' title="bbox 321 1861 1323 1944; baseline 0 -14"><span class='ocrx_word' id='word_1_54' title='bbox 321 1862 455 1931; x_wconf 91' lang='lat' dir='ltr'>muneri</span> <span class='ocrx_word' id='word_1_55' title='bbox 480 1862 604 1931; x_wconf 84' lang='lat' dir='ltr'>ducam</span> <span class='ocrx_word' id='word_1_56' title='bbox 631 1862 858 1944; x_wconf 87' lang='lat' dir='ltr'>adamantem,</span> <span class='ocrx_word' id='word_1_57' title='bbox 883 1861 1158 1944; x_wconf 83' lang='lat' dir='ltr'>quandoquidem</span> <span class='ocrx_word' id='word_1_58' title='bbox 1181 1869 1323 1944; x_wconf 89' lang='lat' dir='ltr'>propter</span> 
     </span>
     <span class='ocr_line' id='line_1_11' title="bbox 321 1945 1323 2028; baseline 0 -14"><span class='ocrx_word' id='word_1_59' title='bbox 321 1945 593 2028; x_wconf 79' lang='lat' dir='ltr'>magnitudinem</span> <span class='ocrx_word' id='word_1_60' title='bbox 608 1945 686 2015; x_wconf 91' lang='lat' dir='ltr'>usui</span> <span class='ocrx_word' id='word_1_61' title='bbox 702 1966 778 2015; x_wconf 92' lang='lat' dir='ltr'>meo</span> <span class='ocrx_word' id='word_1_62' title='bbox 788 1945 902 2015; x_wconf 90' lang='lat' dir='ltr'>minus</span> <span class='ocrx_word' id='word_1_63' title='bbox 916 1967 937 2015; x_wconf 85' lang='lat' dir='ltr'>a</span> <span class='ocrx_word' id='word_1_64' title='bbox 961 1952 1038 2013; x_wconf 91' lang='lat' dir='ltr'>tum</span> <span class='ocrx_word' id='word_1_65' title='bbox 1049 1945 1190 2027; x_wconf 88' lang='lat' dir='ltr'>reperio,</span> <span class='ocrx_word' id='word_1_66' title='bbox 1201 1946 1238 2014; x_wconf 91' lang='lat' dir='ltr'>in</span> <span class='ocrx_word' id='word_1_67' title='bbox 1247 1946 1323 2014; x_wconf 85' lang='lat' dir='ltr'>fru-</span> 
     </span>
     <span class='ocr_line' id='line_1_12' title="bbox 322 1967 1320 2127; baseline 0 -29"><span class='ocrx_word' id='word_1_68' title='bbox 322 2030 412 2098; x_wconf 88' lang='lat' dir='ltr'>stula</span> <span class='ocrx_word' id='word_1_69' title='bbox 426 2029 682 2127; x_wconf 46' lang='lat' dir='ltr'>secari3Libens</span> <span class='ocrx_word' id='word_1_70' title='bbox 698 2037 813 2098; x_wconf 90' lang='lat' dir='ltr'>tamen</span> <span class='ocrx_word' id='word_1_71' title='bbox 827 2050 926 2112; x_wconf 90' lang='lat' dir='ltr'>spero</span> <span class='ocrx_word' id='word_1_72' title='bbox 937 1967 1108 2111; x_wconf 51' lang='lat' dir='ltr'>{ragnum</span> <span class='ocrx_word' id='word_1_73' title='bbox 1122 2029 1252 2100; x_wconf 85' lang='lat' dir='ltr'>Ducem</span> <span class='ocrx_word' id='word_1_74' title='bbox 1267 2049 1320 2098; x_wconf 89' lang='lat' dir='ltr'>as-</span> 
     </span>
     <span class='ocr_line' id='line_1_13' title="bbox 322 2113 874 2195; baseline -0.004 -13"><span class='ocrx_word' id='word_1_75' title='bbox 322 2133 460 2182; x_wconf 85' lang='lat' dir='ltr'>sensum</span> <span class='ocrx_word' id='word_1_76' title='bbox 474 2113 558 2182; x_wconf 83' lang='lat' dir='ltr'>mihr</span> <span class='ocrx_word' id='word_1_77' title='bbox 573 2135 641 2182; x_wconf 90' lang='lat' dir='ltr'>non</span> <span class='ocrx_word' id='word_1_78' title='bbox 656 2119 874 2195; x_wconf 84' lang='lat' dir='ltr'>negaturum.</span> 
     </span>
    </p>
   </div>
   <div class='ocr_carea' id='block_1_4' title="bbox 782 2277 1321 2362">
    <p class='ocr_par' dir='ltr' id='par_1_4' title="bbox 782 2277 1321 2362">
     <span class='ocr_line' id='line_1_14' title="bbox 782 2277 1321 2362; baseline -0.004 -13"><span class='ocrx_word' id='word_1_79' title='bbox 782 2278 992 2362; x_wconf 79' lang='lat' dir='ltr'>CROCHARD,</span> <span class='ocrx_word' id='word_1_80' title='bbox 1009 2279 1066 2348; x_wconf 88' lang='lat' dir='ltr'>llle</span> <span class='ocrx_word' id='word_1_81' title='bbox 1084 2277 1321 2348; x_wconf 85' lang='lat' dir='ltr'>Invincibilis.”</span> 
     </span>
    </p>
   </div>
   <div class='ocr_carea' id='block_1_5' title="bbox 326 2478 1333 4254">
    <p class='ocr_par' dir='ltr' id='par_1_5' title="bbox 326 2478 1329 3564">
     <span class='ocr_line' id='line_1_15' title="bbox 409 2478 1326 2563; baseline -0.001 -14"><span class='ocrx_word' id='word_1_82' title='bbox 409 2479 498 2563; x_wconf 90' lang='lat' dir='ltr'>Quid</span> <span class='ocrx_word' id='word_1_83' title='bbox 513 2484 649 2562; x_wconf 87' lang='lat' dir='ltr'>poterat</span> <span class='ocrx_word' id='word_1_84' title='bbox 664 2479 811 2562; x_wconf 83' lang='lat' dir='ltr'>Magnus</span> <span class='ocrx_word' id='word_1_85' title='bbox 826 2479 905 2548; x_wconf 85' lang='lat' dir='ltr'>Dux</span> <span class='ocrx_word' id='word_1_86' title='bbox 914 2478 1082 2548; x_wconf 81' lang='lat' dir='ltr'>statuere?</span> <span class='ocrx_word' id='word_1_87' title='bbox 1094 2478 1326 2549; x_wconf 88' lang='lat' dir='ltr'>Recusaturus</span> 
     </span>
     <span class='ocr_line' id='line_1_16' title="bbox 326 2579 1326 2662; baseline -0.001 -13"><span class='ocrx_word' id='word_1_88' title='bbox 326 2580 407 2649; x_wconf 91' lang='lat' dir='ltr'>risui</span> <span class='ocrx_word' id='word_1_89' title='bbox 421 2580 518 2662; x_wconf 82' lang='lat' dir='ltr'>vulgi</span> <span class='ocrx_word' id='word_1_90' title='bbox 545 2579 770 2662; x_wconf 90' lang='lat' dir='ltr'>compitorum</span> <span class='ocrx_word' id='word_1_91' title='bbox 785 2601 821 2648; x_wconf 91' lang='lat' dir='ltr'>se</span> <span class='ocrx_word' id='word_1_92' title='bbox 847 2579 1032 2648; x_wconf 88' lang='lat' dir='ltr'>obiecisset.</span> <span class='ocrx_word' id='word_1_93' title='bbox 1048 2579 1220 2648; x_wconf 87' lang='lat' dir='ltr'>Praeterea</span> <span class='ocrx_word' id='word_1_94' title='bbox 1241 2579 1326 2649; x_wconf 93' lang='lat' dir='ltr'>nihil</span> 
     </span>
     <span class='ocr_line' id='line_1_17' title="bbox 327 2678 1326 2763; baseline -0.001 -14"><span class='ocrx_word' id='word_1_95' title='bbox 327 2681 417 2763; x_wconf 89' lang='lat' dir='ltr'>quod</span> <span class='ocrx_word' id='word_1_96' title='bbox 433 2680 579 2749; x_wconf 90' lang='lat' dir='ltr'>necdum</span> <span class='ocrx_word' id='word_1_97' title='bbox 594 2679 754 2749; x_wconf 89' lang='lat' dir='ltr'>amiserat</span> <span class='ocrx_word' id='word_1_98' title='bbox 768 2685 842 2748; x_wconf 86' lang='lat' dir='ltr'>erat</span> <span class='ocrx_word' id='word_1_99' title='bbox 857 2678 1053 2748; x_wconf 87' lang='lat' dir='ltr'>amissurus.</span> <span class='ocrx_word' id='word_1_100' title='bbox 1075 2679 1220 2748; x_wconf 90' lang='lat' dir='ltr'>Prohinc</span> <span class='ocrx_word' id='word_1_101' title='bbox 1233 2678 1326 2748; x_wconf 87' lang='lat' dir='ltr'>haud</span> 
     </span>
     <span class='ocr_line' id='line_1_18' title="bbox 326 2778 1328 2863; baseline -0.001 -14"><span class='ocrx_word' id='word_1_102' title='bbox 326 2779 553 2863; x_wconf 80' lang='lat' dir='ltr'>exspectanda</span> <span class='ocrx_word' id='word_1_103' title='bbox 561 2780 673 2862; x_wconf 81' lang='lat' dir='ltr'>gratia</span> <span class='ocrx_word' id='word_1_104' title='bbox 681 2785 814 2862; x_wconf 88' lang='lat' dir='ltr'>partem</span> <span class='ocrx_word' id='word_1_105' title='bbox 835 2779 1007 2848; x_wconf 83' lang='lat' dir='ltr'>donatoris</span> <span class='ocrx_word' id='word_1_106' title='bbox 1028 2779 1196 2862; x_wconf 87' lang='lat' dir='ltr'>praestitit.</span> <span class='ocrx_word' id='word_1_107' title='bbox 1218 2778 1328 2848; x_wconf 92' lang='lat' dir='ltr'>Biduo</span> 
     </span>
     <span class='ocr_line' id='line_1_19' title="bbox 327 2879 1329 2964; baseline -0.003 -14"><span class='ocrx_word' id='word_1_108' title='bbox 327 2887 404 2964; x_wconf 89' lang='lat' dir='ltr'>post</span> <span class='ocrx_word' id='word_1_109' title='bbox 418 2880 564 2950; x_wconf 89' lang='lat' dir='ltr'>director</span> <span class='ocrx_word' id='word_1_110' title='bbox 579 2879 715 2948; x_wconf 90' lang='lat' dir='ltr'>Louvre</span> <span class='ocrx_word' id='word_1_111' title='bbox 740 2901 843 2961; x_wconf 89' lang='lat' dir='ltr'>super</span> <span class='ocrx_word' id='word_1_112' title='bbox 855 2879 1067 2962; x_wconf 85' lang='lat' dir='ltr'>scriptoriam</span> <span class='ocrx_word' id='word_1_113' title='bbox 1096 2900 1194 2948; x_wconf 91' lang='lat' dir='ltr'>suam</span> <span class='ocrx_word' id='word_1_114' title='bbox 1223 2879 1329 2948; x_wconf 90' lang='lat' dir='ltr'>mani-</span> 
     </span>
     <span class='ocr_line' id='line_1_20' title="bbox 326 2978 1329 3063; baseline -0.001 -14"><span class='ocrx_word' id='word_1_115' title='bbox 326 2981 446 3063; x_wconf 93' lang='lat' dir='ltr'>pulum</span> <span class='ocrx_word' id='word_1_116' title='bbox 462 2979 596 3062; x_wconf 64' lang='lat' dir='ltr'>reperit</span> <span class='ocrx_word' id='word_1_117' title='bbox 607 3001 675 3062; x_wconf 86' lang='lat' dir='ltr'>quo</span> <span class='ocrx_word' id='word_1_118' title='bbox 684 2980 831 3061; x_wconf 89' lang='lat' dir='ltr'>evoluto,</span> <span class='ocrx_word' id='word_1_119' title='bbox 843 2979 991 3048; x_wconf 87' lang='lat' dir='ltr'>Mazarin</span> <span class='ocrx_word' id='word_1_120' title='bbox 1000 2978 1140 3048; x_wconf 90' lang='lat' dir='ltr'>invenit.</span> <span class='ocrx_word' id='word_1_121' title='bbox 1153 2979 1269 3063; x_wconf 87' lang='lat' dir='ltr'>Quum</span> <span class='ocrx_word' id='word_1_122' title='bbox 1279 2979 1329 3048; x_wconf 90' lang='lat' dir='ltr'>vi·</span> 
     </span>
     <span class='ocr_line' id='line_1_21' title="bbox 328 3078 1328 3162; baseline -0.002 -13"><span class='ocrx_word' id='word_1_123' title='bbox 328 3080 411 3150; x_wconf 88' lang='lat' dir='ltr'>seris</span> <span class='ocrx_word' id='word_1_124' title='bbox 440 3080 586 3159; x_wconf 93' lang='lat' dir='ltr'>Louvre,</span> <span class='ocrx_word' id='word_1_125' title='bbox 607 3080 641 3148; x_wconf 91' lang='lat' dir='ltr'>in</span> <span class='ocrx_word' id='word_1_126' title='bbox 657 3079 767 3149; x_wconf 90' lang='lat' dir='ltr'>vitreo</span> <span class='ocrx_word' id='word_1_127' title='bbox 791 3079 987 3162; x_wconf 77' lang='lat' dir='ltr'>speculatio,</span> <span class='ocrx_word' id='word_1_128' title='bbox 1013 3079 1151 3149; x_wconf 91' lang='lat' dir='ltr'>honoris</span> <span class='ocrx_word' id='word_1_129' title='bbox 1180 3080 1262 3161; x_wconf 95' lang='lat' dir='ltr'>loco,</span> <span class='ocrx_word' id='word_1_130' title='bbox 1293 3078 1328 3147; x_wconf 91' lang='lat' dir='ltr'>in</span> 
     </span>
     <span class='ocr_line' id='line_1_22' title="bbox 328 3179 1328 3263; baseline -0.002 -13"><span class='ocrx_word' id='word_1_131' title='bbox 328 3180 492 3263; x_wconf 88' lang='lat' dir='ltr'>Apollinis</span> <span class='ocrx_word' id='word_1_132' title='bbox 506 3180 748 3262; x_wconf 88' lang='lat' dir='ltr'>loculamentis,</span> <span class='ocrx_word' id='word_1_133' title='bbox 773 3179 915 3249; x_wconf 91' lang='lat' dir='ltr'>custode</span> <span class='ocrx_word' id='word_1_134' title='bbox 929 3179 1096 3263; x_wconf 87' lang='lat' dir='ltr'>adstante,</span> <span class='ocrx_word' id='word_1_135' title='bbox 1111 3179 1328 3249; x_wconf 87' lang='lat' dir='ltr'>adamantem</span> 
     </span>
     <span class='ocr_line' id='line_1_23' title="bbox 328 3278 1328 3364; baseline -0.002 -14"><span class='ocrx_word' id='word_1_136' title='bbox 328 3301 409 3350; x_wconf 92' lang='lat' dir='ltr'>eum</span> <span class='ocrx_word' id='word_1_137' title='bbox 423 3280 615 3364; x_wconf 90' lang='lat' dir='ltr'>conspicies.</span> <span class='ocrx_word' id='word_1_138' title='bbox 631 3280 781 3350; x_wconf 90' lang='lat' dir='ltr'>Historia</span> <span class='ocrx_word' id='word_1_139' title='bbox 795 3287 910 3349; x_wconf 91' lang='lat' dir='ltr'>tamen</span> <span class='ocrx_word' id='word_1_140' title='bbox 925 3279 1028 3349; x_wconf 91' lang='lat' dir='ltr'>huius</span> <span class='ocrx_word' id='word_1_141' title='bbox 1039 3278 1263 3349; x_wconf 84' lang='lat' dir='ltr'>restitutionis</span> <span class='ocrx_word' id='word_1_142' title='bbox 1276 3281 1328 3348; x_wconf 85' lang='lat' dir='ltr'>fa-</span> 
     </span>
     <span class='ocr_line' id='line_1_24' title="bbox 329 3379 1327 3450; baseline -0.002 0"><span class='ocrx_word' id='word_1_143' title='bbox 329 3387 395 3450; x_wconf 88' lang='lat' dir='ltr'>ctae</span> <span class='ocrx_word' id='word_1_144' title='bbox 419 3403 439 3450; x_wconf 93' lang='lat' dir='ltr'>e</span> <span class='ocrx_word' id='word_1_145' title='bbox 462 3381 627 3450; x_wconf 90' lang='lat' dir='ltr'>memoria</span> <span class='ocrx_word' id='word_1_146' title='bbox 655 3381 831 3450; x_wconf 92' lang='lat' dir='ltr'>hominum</span> <span class='ocrx_word' id='word_1_147' title='bbox 867 3379 991 3449; x_wconf 87' lang='lat' dir='ltr'>sensim</span> <span class='ocrx_word' id='word_1_148' title='bbox 1024 3379 1190 3449; x_wconf 88' lang='lat' dir='ltr'>oblivione</span> <span class='ocrx_word' id='word_1_149' title='bbox 1223 3379 1327 3449; x_wconf 87' lang='lat' dir='ltr'>deleri</span> 
     </span>
     <span class='ocr_line' id='line_1_25' title="bbox 329 3480 455 3564; baseline 0 -14"><span class='ocrx_word' id='word_1_150' title='bbox 329 3480 455 3564; x_wconf 91' lang='lat' dir='ltr'>incipit.</span> 
     </span>
    </p>

    <p class='ocr_par' dir='ltr' id='par_1_6' title="bbox 331 3579 1333 4254">
     <span class='ocr_line' id='line_1_26' title="bbox 413 3579 1331 3663; baseline -0.002 -12"><span class='ocrx_word' id='word_1_151' title='bbox 413 3579 583 3651; x_wconf 87' lang='lat' dir='ltr'>Crochard</span> <span class='ocrx_word' id='word_1_152' title='bbox 597 3579 707 3650; x_wconf 80' lang='lat' dir='ltr'>vero?</span> <span class='ocrx_word' id='word_1_153' title='bbox 723 3580 854 3650; x_wconf 86' lang='lat' dir='ltr'>Nescio.</span> <span class='ocrx_word' id='word_1_154' title='bbox 871 3579 1015 3663; x_wconf 89' lang='lat' dir='ltr'>Quoque</span> <span class='ocrx_word' id='word_1_155' title='bbox 1036 3599 1136 3648; x_wconf 88' lang='lat' dir='ltr'>mane</span> <span class='ocrx_word' id='word_1_156' title='bbox 1152 3600 1242 3649; x_wconf 87' lang='lat' dir='ltr'>nova</span> <span class='ocrx_word' id='word_1_157' title='bbox 1269 3580 1331 3649; x_wconf 94' lang='lat' dir='ltr'>Pa-</span> 
     </span>
     <span class='ocr_line' id='line_1_27' title="bbox 331 3679 1332 3763; baseline 0 -13"><span class='ocrx_word' id='word_1_158' title='bbox 331 3681 450 3750; x_wconf 87' lang='lat' dir='ltr'>risiaca</span> <span class='ocrx_word' id='word_1_159' title='bbox 465 3680 616 3750; x_wconf 85' lang='lat' dir='ltr'>lectitare</span> <span class='ocrx_word' id='word_1_160' title='bbox 631 3680 802 3763; x_wconf 87' lang='lat' dir='ltr'>consuevi,</span> <span class='ocrx_word' id='word_1_161' title='bbox 818 3680 982 3762; x_wconf 90' lang='lat' dir='ltr'>rimando,</span> <span class='ocrx_word' id='word_1_162' title='bbox 993 3679 1096 3762; x_wconf 85' lang='lat' dir='ltr'>siquo</span> <span class='ocrx_word' id='word_1_163' title='bbox 1107 3679 1207 3749; x_wconf 93' lang='lat' dir='ltr'>modo</span> <span class='ocrx_word' id='word_1_164' title='bbox 1218 3679 1332 3750; x_wconf 91' lang='lat' dir='ltr'>Invin-</span> 
     </span>
     <span class='ocr_line' id='line_1_28' title="bbox 331 3778 1333 3863; baseline -0.002 -13"><span class='ocrx_word' id='word_1_165' title='bbox 331 3780 437 3851; x_wconf 85' lang='lat' dir='ltr'>cibilis</span> <span class='ocrx_word' id='word_1_166' title='bbox 451 3781 505 3850; x_wconf 91' lang='lat' dir='ltr'>ille</span> <span class='ocrx_word' id='word_1_167' title='bbox 519 3802 609 3850; x_wconf 92' lang='lat' dir='ltr'>nova</span> <span class='ocrx_word' id='word_1_168' title='bbox 635 3781 782 3863; x_wconf 88' lang='lat' dir='ltr'>quadarn</span> <span class='ocrx_word' id='word_1_169' title='bbox 803 3779 1067 3862; x_wconf 88' lang='lat' dir='ltr'>metamorphosi</span> <span class='ocrx_word' id='word_1_170' title='bbox 1096 3778 1219 3850; x_wconf 89' lang='lat' dir='ltr'>alicubi</span> <span class='ocrx_word' id='word_1_171' title='bbox 1244 3800 1333 3849; x_wconf 92' lang='lat' dir='ltr'>com·</span> 
     </span>
     <span class='ocr_line' id='line_1_29' title="bbox 331 3879 1332 3966; baseline -0.002 -16"><span class='ocrx_word' id='word_1_172' title='bbox 331 3887 476 3966; x_wconf 85' lang='lat' dir='ltr'>pareret.</span> <span class='ocrx_word' id='word_1_173' title='bbox 492 3880 693 3963; x_wconf 88' lang='lat' dir='ltr'>Epistolium</span> <span class='ocrx_word' id='word_1_174' title='bbox 708 3902 809 3951; x_wconf 90' lang='lat' dir='ltr'>suum</span> <span class='ocrx_word' id='word_1_175' title='bbox 820 3879 1030 3964; x_wconf 79' lang='lat' dir='ltr'>quadratura</span> <span class='ocrx_word' id='word_1_176' title='bbox 1038 3881 1252 3963; x_wconf 86' lang='lat' dir='ltr'>complexum</span> <span class='ocrx_word' id='word_1_177' title='bbox 1267 3879 1332 3949; x_wconf 91' lang='lat' dir='ltr'>sub</span> 
     </span>
     <span class='ocr_line' id='line_1_30' title="bbox 331 3979 1333 4065; baseline -0.001 -14"><span class='ocrx_word' id='word_1_178' title='bbox 331 3981 437 4052; x_wconf 86' lang='lat' dir='ltr'>oculis</span> <span class='ocrx_word' id='word_1_179' title='bbox 451 3987 531 4051; x_wconf 88' lang='lat' dir='ltr'>ante</span> <span class='ocrx_word' id='word_1_180' title='bbox 546 3981 756 4065; x_wconf 84' lang='lat' dir='ltr'>scriptoriam</span> <span class='ocrx_word' id='word_1_181' title='bbox 771 4003 883 4050; x_wconf 89' lang='lat' dir='ltr'>meam</span> <span class='ocrx_word' id='word_1_182' title='bbox 902 3979 1038 4064; x_wconf 88' lang='lat' dir='ltr'>pendet,</span> <span class='ocrx_word' id='word_1_183' title='bbox 1050 3979 1155 4063; x_wconf 91' lang='lat' dir='ltr'>idque</span> <span class='ocrx_word' id='word_1_184' title='bbox 1181 3979 1333 4063; x_wconf 89' lang='lat' dir='ltr'>quotidie</span> 
     </span>
     <span class='ocr_line' id='line_1_31' title="bbox 332 4079 1333 4166; baseline -0.001 -15"><span class='ocrx_word' id='word_1_185' title='bbox 332 4081 456 4153; x_wconf 90' lang='lat' dir='ltr'>lectito.</span> <span class='ocrx_word' id='word_1_186' title='bbox 473 4081 550 4152; x_wconf 88' lang='lat' dir='ltr'>Una</span> <span class='ocrx_word' id='word_1_187' title='bbox 564 4081 638 4152; x_wconf 90' lang='lat' dir='ltr'>eius</span> <span class='ocrx_word' id='word_1_188' title='bbox 652 4081 820 4152; x_wconf 90' lang='lat' dir='ltr'>sententia</span> <span class='ocrx_word' id='word_1_189' title='bbox 834 4087 999 4166; x_wconf 92' lang='lat' dir='ltr'>perpetuo</span> <span class='ocrx_word' id='word_1_190' title='bbox 1014 4080 1097 4149; x_wconf 91' lang='lat' dir='ltr'>mihi</span> <span class='ocrx_word' id='word_1_191' title='bbox 1111 4079 1145 4149; x_wconf 94' lang='lat' dir='ltr'>in</span> <span class='ocrx_word' id='word_1_192' title='bbox 1171 4079 1333 4152; x_wconf 88' lang='lat' dir='ltr'>memoria</span> 
     </span>
     <span class='ocr_line' id='line_1_32' title="bbox 335 4188 503 4254; baseline -0.018 0"><span class='ocrx_word' id='word_1_193' title='bbox 335 4188 503 4254; x_wconf 85' lang='lat' dir='ltr'>versatur.</span> 
     </span>
    </p>
   </div>
   <div class='ocr_carea' id='block_1_6' title="bbox 0 0 1777 5158">
    <p class='ocr_par' dir='ltr' id='par_1_7' title="bbox 0 0 1777 5158">
     <span class='ocr_line' id='line_1_33' title="bbox 0 0 1777 5158; baseline 0 0"><span class='ocrx_word' id='word_1_194' title='bbox 0 0 1777 5158; x_wconf 95' lang='lat' dir='ltr'> </span> 
     </span>
    </p>
   </div>
  </div>
 </body>
</html>
