3502 5158
420 865 461 934 28
679 880 887 934 mrsrnruuu
909 879 1016 934 Anca
1038 875 1156 934 souin

505 1047 644 1117 “Habeo
659 1048 721 1118 tibi
735 1049 915 1131 gratiam‚’'
937 1049 1050 1131 paullo
1065 1048 1225 1131 frigidius
1246 1047 1420 1130 respondit

419 1146 578 1217 Vantine.

504 1247 625 1330 “Tum
656 1257 696 1318 ut
726 1249 854 1332 opinor,
882 1249 990 1318 Parks
1015 1248 1050 1318 id
1075 1249 1197 1317 fecisse
1212 1249 1345 1330 putas,”
1371 1247 1419 1316 ait

420 1347 638 1431 Goldberger.

503 1447 632 1518 “Parks
645 1449 679 1518 id
695 1449 809 1518 iacere
825 1449 975 1531 potuisse
996 1449 1089 1518 haud
1115 1447 1343 1530 negaverim,'’
1371 1469 1420 1516 se-

421 1547 567 1618 riuscule
582 1549 768 1618 assentitur
784 1549 945 1632 Godfrey.

504 1646 702 1731 “Incutiat'’
724 1649 917 1731 interpellat
933 1648 1081 1718 Vantine
1097 1649 1287 1730 impatiens.
1305 1645 1419 1716 “Nihil

419 1755 535 1816 nostro
551 1748 659 1818 Parks
673 1756 724 1818 est
740 1748 865 1818 rectius
880 1785 920 1793 -
935 1747 965 1818 is
979 1749 1137 1818 comitem
1153 1770 1213 1831 per
1224 1747 1419 1818 octennium

420 1846 505 1917 mihi
521 1869 557 1917 se
573 1849 762 1930 praestititss’

503 1947 625 2018 “Certe
641 1957 723 2019 sunt
736 1949 903 2033 ineptiae‚’'
920 1949 1086 2032 approbat
1097 1949 1313 2031 Goldberger.
1326 1946 1419 2016 “Ine-

420 2047 521 2130 ptiari
536 2049 662 2118 etenim
677 2056 729 2118 est
753 2070 948 2118 asseverare
972 2049 1065 2119 hunc
1089 2072 1111 2118 a
1134 2069 1337 2131 quocunque
1362 2046 1419 2115 ho

420 2147 511 2217 mine
534 2147 641 2218 fuisse
664 2149 822 2219 occisum.
855 2149 929 2232 lpse
954 2171 990 2218 se
1013 2148 1142 2219 occidit.
1180 2147 1418 2230 intelligemus

419 2247 567 2330 aenigma
582 2270 690 2331 quum
705 2249 904 2318 sciverimus
918 2249 995 2332 quis
1010 2249 1074 2318 iste
1096 2249 1168 2331 ipse
1191 2247 1298 2316 fuerit
1317 2283 1351 2291 -
1369 2268 1419 2315 ze·

420 2347 547 2430 lotypia
561 2349 717 2431 fortasse,
743 2349 890 2418 fortasse
915 2349 998 2418 nihil
1023 2347 1087 2417 nisi
1110 2349 1200 2417 mala
1221 2348 1363 2416 fortuna
1377 2382 1418 2390 —

420 2468 489 2516 non
504 2449 595 2517 enim
611 2449 757 2532 speciem
773 2450 843 2518 fert
857 2448 1003 2518 hominis
1018 2448 1202 2530 opulenti.''

509 2563 736 2636 “Remulcabo
766 2565 942 2647 Parisios,”
968 2566 1017 2634 ait
1042 2564 1243 2635 Simmonds.
1280 2563 1334 2634 “Si
1355 2563 1418 2632 iste

419 2663 508 2734 illinc
524 2671 587 2746 est,
599 2687 678 2735 mox
693 2666 938 2748 experiemur.”

505 2762 638 2835 “Satius
652 2774 742 2834 esset
766 2770 930 2834 arceram¹
958 2767 986 2836 si
1011 2786 1199 2835 accerseres
1214 2785 1418 2846 curaresque

419 2871 461 2934 ut
475 2866 621 2934 cadaver
636 2865 670 2934 in
686 2865 924 2936 conditorium²
939 2865 1164 2947 deferretur‚”
1190 2871 1306 2933 monet
1321 2863 1419 2934 Gold-

421 2964 553 3047 berger.
570 2965 662 3035 “lllic
677 2965 768 3034 enim
783 2965 904 3048 aliquis
919 2988 999 3034 eum
1013 2974 1105 3036 certe
1120 2972 1291 3048 agnoscet.
1328 2963 1418 3033 Nam

420 3086 495 3133 cras
508 3086 635 3148 magna
649 3065 714 3135 illic
729 3065 794 3134 erit
809 3065 920 3147 turba,
946 3066 1112 3148 siquidem
1128 3065 1251 3134 diurna
1265 3085 1340 3134 cras
1355 3064 1418 3133 hac

421 3187 458 3234 re
473 3165 616 3235 affluent
632 3167 693 3210 -”

509 3265 667 3336 “Record
683 3268 862 3337 dumtaxat
879 3289 950 3336 rem
964 3267 1052 3336 hanc
1078 3267 1212 3335 affatim
1236 3271 1420 3348 pertracta-

421 3367 501 3446 bit‚”
519 3368 669 3449 Godfrey
685 3368 872 3436 confirmat.

507 3466 601 3548 “Ego
617 3477 732 3535 autem
748 3468 1000 3549 inquisitionem
1017 3469 1051 3535 in
1066 3476 1240 3550 posterum
1266 3465 1355 3534 diem
1371 3465 1420 3533 in·

421 3566 561 3648 dicam,''
592 3569 703 3650 pergit
734 3568 950 3648 Goldbcrger.
989 3568 1150 3635 “Interim
1179 3567 1221 3635 ad
1248 3567 1418 3635 medicum

421 3689 563 3736 examen
579 3668 827 3736 instituendum
842 3668 1009 3735 medicum
1026 3689 1140 3736 meum
1157 3667 1327 3748 extemplo
1343 3665 1420 3734 sub-

420 3767 565 3836 mittam.
587 3767 621 3837 Si
637 3769 832 3836 stomachus
847 3767 948 3837 huius
963 3768 1032 3837 ullo
1048 3789 1180 3836 veneno
1195 3767 1345 3835 infectus
1366 3764 1420 3846 sit,

421 3867 577 3950 protinus
591 3869 867 3950 compellemus?

522 4089 546 4138 1.
568 4087 617 4138 Est
630 4101 725 4138 currus
738 4083 772 4136 ad
784 4085 931 4138 vectandos
952 4091 1070 4150 aegrotos
1084 4091 1112 4137 et
1124 4091 1253 4136 mortuos.

521 4173 546 4222 2.
568 4171 654 4222 Locus
667 4176 708 4222 est
722 4169 767 4221 ubi
781 4169 913 4222 cadavera
924 4185 971 4233 pro
983 4175 1106 4234 tempore
1124 4168 1287 4222 conduntur.
