3554 5156
426 930 487 998 142
686 947 894 1001 mersurum
915 947 1023 1002 anon
1045 947 1163 1001 nourr

425 1113 587 1196 languide
602 1113 637 1183 in
652 1135 707 1183 me
722 1114 889 1184 renidens.
912 1113 1011 1184 “Non
1026 1115 1116 1184 enim
1132 1115 1205 1185 eius
1225 1115 1353 1185 tenoris
1374 1115 1429 1184 hae

425 1220 507 1284 sunt
522 1221 562 1282 ut
577 1235 655 1283 mea
668 1214 772 1284 cliens
786 1236 843 1284 eas
857 1215 981 1298 cuique
1006 1214 1163 1285 confidat.
1186 1216 1277 1285 Nam
1300 1216 1365 1298 hae,
1387 1221 1427 1285 ut

425 1321 475 1395 tu,
491 1313 538 1382 mi
554 1312 645 1383 Here
660 1314 788 1396 Lester,
804 1314 871 1384 iam
888 1314 1050 1398 suspicari
1066 1322 1211 1398 poteras,
1236 1337 1358 1384 revera
1378 1315 1428 1384 in·

427 1413 618 1483 famatoriae
632 1419 723 1484 sunt.
746 1414 892 1484 Necesse
916 1422 968 1485 est
993 1422 1034 1484 ut
1058 1437 1116 1485 eas
1141 1437 1344 1498 quocunque
1370 1415 1427 1484 de-

426 1535 521 1584 mum
537 1514 646 1596 pretio
663 1516 932 1598 recuperemus.”

506 1612 576 1683 “Ut
591 1615 690 1697 plane
704 1623 859 1685 constare
873 1616 1038 1699 oportet,”
1064 1616 1181 1686 monui
1206 1638 1281 1699 ego,
1310 1614 1426 1685 “mini-

424 1735 519 1783 mum
534 1714 620 1784 duos
634 1736 768 1798 semper
782 1737 917 1786 necesse
933 1724 985 1785 est
1000 1717 1125 1800 quibus
1139 1716 1262 1786 litterae
1276 1716 1426 1799 cognitae

425 1815 493 1884 sint
510 1850 543 1859 -
562 1821 737 1885 auctorem
751 1837 874 1899 nempe
888 1824 992 1900 atque
1007 1817 1062 1887 cui
1077 1817 1189 1886 missae
1203 1816 1315 1886 sunt’'

509 1913 567 1984 “Id
583 1937 651 1985 non
667 1937 722 1985 me
737 1917 935 2000 praeterivit,
959 1923 1078 1987 auctor
1103 1924 1218 1986 tamen
1234 1917 1358 1986 harum
1372 1917 1423 1986 lit·

423 2022 575 2086 terarum
589 2021 746 2085 mortuus
760 2017 843 2085 est’'

504 2114 771 2186 “Mortuusnei”
788 2117 941 2200 repetivi.

506 2214 566 2285 “In
582 2214 696 2285 duello
711 2216 827 2299 paucis
847 2224 927 2285 ante
948 2217 1122 2286 mensibus
1144 2239 1252 2286 caesus
1267 2216 1349 2298 est,”
1371 2238 1426 2286 ex·

422 2315 523 2398 plicat
537 2316 636 2398 gravi
651 2316 753 2385 vultu
767 2315 872 2386 herus
886 2317 1118 2387 Homblower.

506 2414 581 2486 “Ab
596 2415 677 2485 hero
692 2416 767 2485 Xl’'
782 2417 900 2499 rogavi
922 2419 1046 2487 statim.

505 2515 581 2586 “Ab
591 2515 673 2585 hero
688 2516 750 2598 X,''
764 2517 872 2586 refert
883 2517 987 2587 herus
1001 2517 1234 2599 Homblower,
1242 2517 1365 2600 pressis
1376 2517 1421 2586 la-

422 2615 486 2686 biis
495 2615 654 2698 residem,
664 2615 760 2698 quasi
770 2616 853 2686 nihil
862 2617 1007 2700 amplius
1015 2617 1057 2686 de
1065 2639 1106 2687 ea
1113 2639 1150 2687 re
1159 2624 1420 2687 memoraturus

506 2716 578 2786 Nec
593 2717 748 2799 profecto
762 2722 837 2786 erat
851 2738 957 2800 quare
970 2717 1047 2800 plus
1061 2717 1198 2787 diceret
1228 2715 1317 2787 Satis
1332 2716 1422 2786 enirn

422 2815 465 2886 de
493 2815 636 2899 legibus,
656 2815 767 2899 deque
781 2815 933 2886 moribus
947 2839 986 2886 ac
1001 2816 1190 2886 rationibus
1216 2817 1425 2886 Francorum

421 2915 593 2999 cogitandi
607 2915 757 2986 intellexi
766 2916 809 2986 ad
819 2917 1100 3000 perspiciendum,
1114 2916 1279 3000 siquando
1301 2916 1426 2987 litterae

421 3015 486 3086 illae
500 3015 535 3084 in
550 3037 673 3085 manus
685 3015 759 3085 heri
774 3016 805 3085 X
820 3015 1025 3100 incidissent,
1039 3017 1200 3086 futurum
1215 3038 1288 3086 esse
1303 3023 1344 3087 ut
1353 3016 1424 3099 ipse

422 3137 562 3199 prorsus
576 3137 692 3186 rerum
706 3115 884 3199 potiretur.
911 3117 1006 3188 Uxor
1019 3138 1082 3187 sua
1096 3116 1235 3186 omnino
1247 3116 1282 3185 in
1298 3137 1361 3186 sua
1374 3137 1425 3186 es·

421 3222 473 3285 set
488 3223 667 3299 patesute.
687 3215 802 3300 Atque
815 3216 976 3300 cogitatio
991 3215 1074 3286 mihi
1089 3216 1241 3286 animum
1255 3216 1424 3300 extemplo

421 3315 524 3386 subiit
537 3337 617 3386 eum
633 3315 781 3399 quodam
795 3316 896 3387 modo
910 3316 1089 3388 certiorem
1113 3317 1247 3387 factum
1261 3317 1324 3386 has
1337 3317 1425 3386 litte-

421 3438 477 3486 ras
492 3423 636 3500 exstare,
652 3416 810 3486 omnibus
824 3416 932 3500 igitur
954 3416 1095 3500 viribus,
1121 3425 1162 3487 ut
1185 3417 1226 3487 iis
1247 3417 1424 3500 potiretur,

420 3522 587 3599 satagere.
609 3515 682 3586 Hoc
696 3516 887 3600 cogitatum
913 3517 995 3588 satis
1015 3539 1088 3587 esse
1116 3517 1310 3600 argumenti
1336 3517 1423 3587 arbi-

420 3615 546 3699 trabar,
561 3637 667 3700 quare
681 3614 716 3685 in
732 3625 847 3700 partes
861 3616 978 3686 uxoris
992 3616 1066 3687 eius
1080 3616 1243 3687 flecteret.

503 3713 625 3786 “Certo
638 3715 738 3799 scio,”
752 3716 892 3786 tandem
914 3716 1082 3800 respondi,
1106 3715 1249 3787 “herum
1273 3715 1421 3787 Vantine

419 3814 491 3886 sine
507 3815 718 3886 dubitatione
743 3815 957 3887 indulturum
980 3816 1087 3886 fuisse
1112 3823 1153 3887 ut
1177 3817 1281 3888 cliens
1295 3824 1357 3887 tua
1371 3817 1423 3886 fo·

420 3915 513 3985 rulos
527 3915 685 3998 aperiret,
700 3937 848 3998 suasque
863 3916 994 3986 litteras
1008 3917 1152 3986 tolleret„
1174 3917 1223 3988 Ut
1237 3923 1421 3987 testamen-

419 4016 446 4086 ti
461 4015 514 4085 sui
528 4021 706 4085 exsecutor
720 4036 784 4098 ego
798 4036 935 4098 quoque
949 4015 1119 4100 indulgeo,
1142 4038 1223 4086 nam
1245 4017 1422 4086 cuiuscun-

418 4136 485 4199 que
500 4115 545 4185 sit
559 4137 647 4198 arca,
662 4115 786 4186 litterae
801 4115 873 4185 sine
888 4115 991 4186 dubio
1007 4116 1174 4186 Matronae
1188 4116 1219 4185 X
1233 4123 1324 4187 sunt
1339 4116 1422 4187 Haec

416 4215 535 4299 utique
550 4236 591 4286 ea
605 4214 796 4286 conditione
824 4215 986 4286 nituntur
1000 4221 1041 4286 ut
1055 4237 1135 4286 arca
1148 4237 1231 4286 vera
1256 4223 1292 4286 et
1315 4237 1423 4300 genu·
