3554 5156
443 855 485 924 94
701 870 911 925 nrsramun
931 871 1040 924 ancre
1063 863 1182 925 soum

528 1035 684 1106 “Nullius
699 1037 872 1119 momenti,
889 1037 1055 1121 siquidem
1069 1037 1132 1106 has
1147 1059 1201 1107 res
1226 1059 1295 1106 non
1321 1037 1443 1120 quaeri-

444 1159 530 1207 mus.
552 1137 590 1207 ld
605 1140 728 1208 rescire
743 1139 902 1208 volumus
927 1138 1213 1221 quemadmodum
1240 1138 1386 1208 Vantine
1407 1144 1443 1205 et

443 1239 497 1307 hic
513 1239 664 1308 Francus
677 1239 817 1320 ignotus
831 1239 908 1308 caesi
934 1239 1074 1308 fuerint.
1107 1239 1221 1321 Atque
1243 1238 1305 1308 hoc
1330 1237 1442 1320 ipsum

444 1345 505 1421 est,
521 1345 615 1408 certo
631 1339 708 1422 scio,
725 1339 816 1422 quod
830 1361 893 1409 nec
919 1340 982 1420 vir,
1007 1361 1070 1408 nec
1095 1339 1226 1422 mulier,
1251 1361 1364 1422 neque
1380 1339 1443 1407 Ro-

444 1462 532 1522 gers,
547 1462 610 1508 nec
626 1439 807 1522 quisquam
822 1439 877 1508 cui
893 1439 1027 1508 obviarn
1043 1439 1127 1508 facti
1143 1461 1271 1521 sumus,
1298 1439 1444 1508 declara·

443 1539 541 1609 verit.
565 1540 665 1609 Omni
679 1539 759 1608 huic
773 1540 821 1608 rei
836 1539 987 1608 humana
1008 1539 1156 1608 sublatet
1171 1561 1323 1621 persona,
1338 1560 1442 1621 quam

443 1662 486 1708 ne
512 1640 674 1722 suspicari
701 1640 838 1723 quidem
862 1641 1031 1720 novimus,
1058 1646 1093 1708 et
1118 1661 1196 1722 quae
1221 1660 1290 1723 quo
1303 1639 1443 1708 demum

443 1740 544 1808 modo
559 1740 710 1809 eruenda
724 1741 778 1823 sit,
793 1761 931 1823 prorsus
945 1741 1074 1822 ignoro.
1105 1741 1267 1822 AEnigrna
1282 1739 1364 1808 mihi
1380 1745 1442 1818 est,

443 1861 540 1922 paene
557 1846 663 1908 terret
678 1861 753 1920 me;
775 1847 827 1909 est
840 1847 1016 1922 tamquam
1043 1840 1164 1908 umbra
1188 1839 1313 1921 minan,
1339 1860 1443 1921 quam

443 1963 543 2009 nemo
558 1940 766 2023 prehendere
780 1941 914 2023 queat.'’

529 2058 739 2126 Momentum
754 2057 915 2138 temporis
931 2056 1111 2126 silebamus
1120 2079 1129 2138 ;
1150 2056 1227 2126 dein
1242 2063 1378 2139 tempus
1392 2077 1442 2124 es-

443 2179 479 2226 se
494 2158 684 2227 arbitrabar
699 2166 739 2227 ut
753 2165 789 2226 et
802 2180 867 2240 ego
882 2160 1067 2240 eloquerer.

528 2274 732 2358 “Godfrey,''
748 2275 815 2344 fari
830 2275 927 2357 coepi,
945 2273 1056 2357 “quod
1081 2275 1181 2343 modo
1203 2274 1265 2343 tibi
1288 2273 1444 2342 dicturus

444 2398 530 2456 sum,
548 2397 608 2457 per
622 2374 725 2444 fidem
741 2375 870 2444 dictum
896 2375 1068 2443 existimes
1091 2375 1204 2455 velim,
1228 2396 1290 2442 nec
1314 2373 1379 2442 nisi
1393 2374 1444 2441 fa-

444 2478 571 2546 cultate
587 2498 608 2543 a
623 2497 677 2543 me
693 2496 850 2544 concessa
866 2475 1019 2544 edixeris.
1042 2473 1281 2557 Spondesne?”

527 2591 639 2675 “Quin
655 2613 857 2675 prosequere
868 2591 897 2660 !”
913 2592 961 2662 ait
975 2614 1030 2661 me
1051 2593 1234 2661 contuitus.

515 2709 731 2796 f‘Enimvero
745 2730 799 2777 me
825 2709 910 2778 scire
931 2709 1077 2779 arbitror
1100 2707 1386 2792 quemadmodum
1408 2708 1443 2776 hi

445 2811 512 2880 duo
528 2810 591 2878 viri
607 2809 684 2878 caesi
700 2809 777 2878 sint.
800 2809 1004 2879 Audidum.”

527 2926 674 2996 Narravi
688 2926 734 2994 illi
750 2925 907 3008 deinceps
932 2926 1106 2996 historiam
1133 2949 1221 2995 arcae
1247 2927 1371 3006 Boule;
1393 2948 1444 2994 re-

444 3027 532 3097 colui
547 3027 751 3096 sententiam
767 3026 916 3096 Vantine
945 3027 1044 3096 cuius
1072 3049 1113 3096 ea
1141 3027 1290 3109 primum
1319 3027 1442 3106 fuerit;

443 3127 629 3196 memoravi
645 3127 793 3208 pretium
815 3127 906 3209 quod
920 3127 991 3209 ipse
1007 3149 1068 3210 pro
1083 3149 1123 3196 ea
1147 3129 1277 3196 solvere
1302 3133 1444 3209 paratus

444 3229 568 3308 fuerit;
591 3227 736 3308 explicui
752 3227 961 3309 longiuscule
975 3227 1153 3297 discrimen
1179 3227 1269 3296 inter
1293 3226 1445 3309 primari-

445 3350 504 3397 um
519 3335 555 3396 et
570 3327 786 3408 redditivum‚
802 3350 842 3396 ac
864 3327 1007 3409 repetivi
1022 3327 1095 3396 eius
1109 3335 1277 3397 assertum
1293 3327 1380 3396 hanc
1395 3349 1445 3396 es

443 3450 480 3498 se
495 3426 730 3511 primigeniam
744 3434 781 3496 et
795 3427 976 3496 artificium
992 3427 1232 3496 indubitatum.
1255 3427 1372 3510 Longe
1387 3450 1445 3496 an·

444 3536 479 3599 te
495 3550 598 3610 quam
613 3549 677 3609 ego
692 3527 870 3596 finiveram
887 3527 1038 3610 Godfrey
1048 3535 1146 3597 extra
1156 3528 1354 3597 artisellium
1364 3528 1443 3610 fuit,

445 3629 562 3698 vultus
577 3628 650 3697 eius
664 3627 788 3696 rubore
802 3629 973 3711 perfusus,
996 3629 1083 3698 oculi
1098 3628 1273 3711 ardebant,
1289 3637 1393 3711 atque
1409 3629 1443 3698 in

443 3729 598 3800 cubiculo
613 3750 749 3798 sursum
763 3750 803 3798 ac
818 3728 975 3798 deorsum
990 3729 1195 3798 ambulabat.

528 3844 792 3915 “Praeclaruml''
829 3845 1032 3915 mussitabat
1052 3845 1235 3915 interdum.
1278 3845 1443 3929 “Ingens!

445 3949 556 4026 Quem
572 3953 607 4014 et
623 3946 757 4028 qualem
772 3945 920 4015 efficeret
935 3967 1063 4016 casum.
1092 3945 1212 4014 Lester
1222 3945 1251 4015 !”
1276 3947 1444 4017 clamabat

443 4053 525 4116 ante
540 4047 655 4114 sellam
680 4067 791 4114 meam
814 4046 1010 4128 consistens,
1035 4067 1170 4129 meque·
1184 4046 1291 4116 veluti
1316 4047 1443 4117 lumine

444 4147 560 4231 gloriae
574 4145 758 4218 irradiabat
768 4147 835 4216 iam
845 4147 1075 4216 narrationem
1085 4147 1330 4218 absolventem.
1342 4146 1444 4218 “Uni-
