3536 5156
677 971 681 982 .
792 924 978 983 seruorum
1321 913 1384 986 213

383 1113 451 1176 que
465 1091 675 1162 uberrimum
691 1091 769 1162 solis
784 1093 1005 1176 pomeridiani
1021 1095 1136 1166 lumen
1152 1095 1301 1168 inmisit
1330 1097 1385 1168 In·

382 1191 426 1262 de
441 1191 484 1262 ad
498 1193 645 1263 cadaver
659 1214 859 1276 progressus
882 1194 916 1263 in
939 1216 1051 1278 genua
1077 1217 1114 1266 se
1139 1197 1285 1281 demisit,
1314 1219 1384 1268 ma·

382 1313 534 1374 numque
548 1292 703 1362 dextram
718 1292 864 1362 flexilem
884 1294 1059 1365 cadaveris
1073 1295 1117 1366 ad
1133 1296 1382 1368 ostendendum

381 1391 478 1462 nobis
492 1391 629 1461 levavit

464 1492 590 1562 Parum
605 1513 709 1575 supra
723 1491 909 1575 digitorum
923 1493 1099 1566 iuncturas
1124 1495 1256 1580 pusillae
1280 1504 1379 1569 erant

381 1598 561 1675 puncturae
584 1591 672 1674 duae,
697 1592 814 1675 paucis
838 1593 987 1676 guttulis
1008 1595 1185 1679 sanguinis
1210 1595 1289 1667 inde
1310 1617 1382 1667 ma·

380 1692 551 1773 nantibus,
561 1699 763 1762 caroautem
773 1691 960 1762 incircuitu
970 1700 1044 1764 erat
1053 1694 1185 1766 tumida
1193 1702 1229 1765 et
1238 1695 1382 1767 decolor!

462 1791 573 1860 “Novi
597 1812 662 1874 ego
687 1793 805 1861 statim
834 1813 942 1874 quum
956 1793 1115 1864 elarnavit
1135 1794 1269 1878 ‘Moru'
1290 1795 1380 1867 ”ait

382 1891 534 1974 Godirey
549 1912 672 1974 presse,
688 1889 790 1973 “quid
798 1890 832 1961 id
843 1891 1059 1975 significaret.
1075 1895 1150 1978 lpse
1165 1917 1303 1979 quoque
1318 1917 1377 1966 no·

378 1993 430 2061 vit
445 1990 544 2061 sirnul
559 1997 663 2073 atque
677 1989 784 2061 ictum
798 1992 914 2062 sensit.
936 1992 1053 2064 Palam
1068 2001 1120 2066 est
1146 2016 1226 2065 eum
1250 1995 1285 2066 id
1310 1995 1378 2068 iam

377 2099 479 2162 antea
493 2090 626 2173 vidisse,
642 2097 704 2161 aut
718 2091 760 2161 de
775 2112 816 2160 eo
830 2091 1010 2176 audivisse,
1037 2093 1203 2178 scivitque
1229 2095 1264 2165 id
1288 2095 1379 2166 subi·

376 2199 513 2262 laneam
527 2191 686 2262 nuntiare
701 2192 877 2260 mortem.”

459 2291 602 2362 Consedi
617 2292 733 2374 itaque
748 2291 853 2361 oculis
882 2291 917 2361 in
940 2300 1116 2363 mortuum
1137 2293 1265 2378 defixis,
1286 2296 1377 2365 vole·

375 2393 521 2475 bamque
536 2391 687 2461 animum
701 2390 868 2473 colligere.
891 2391 983 2474 Ergo
997 2391 1060 2462 iste
1075 2393 1284 2478 malefactor,
1296 2393 1374 2465 Orci

374 2492 561 2576 progenies,
577 2491 636 2574 qui
652 2512 785 2561 veneno
798 2491 845 2560 sic
860 2491 969 2574 caedit,
991 2491 1027 2560 in
1050 2491 1181 2564 aedibus
1205 2493 1377 2565 delitesce-

374 2594 434 2664 bat
446 2583 607 2674 'Vantine
622 2613 661 2662 ac
675 2591 824 2674 primum
838 2591 968 2662 Drouet
994 2593 1097 2674 feriit,
1121 2593 1242 2664 deinde
1263 2593 1375 2678 ipsum

374 2693 500 2763 aedium
522 2691 716 2762 dominum!
748 2692 796 2760 At
817 2713 879 2760 cur
903 2726 945 2736 -
969 2693 1131 2762 curnam!
1152 2692 1191 2764 ld
1206 2693 1296 2764 credi
1317 2716 1376 2764 ne·

373 2793 501 2876 quibat,
516 2791 650 2861 facinus
665 2798 790 2874 praeter
811 2790 924 2873 fidem,
947 2812 1045 2861 mens
1069 2791 1151 2862 mihi
1173 2793 1208 2862 in
1232 2792 1373 2876 vertigi-

373 2915 452 2962 nem
465 2892 634 2975 agebatur
649 2891 721 2974 ipsa
735 2891 950 2974 cogitatione.
973 2891 1017 2961 Et
1032 2898 1147 2961 tamen
1162 2893 1226 2963 hoc
1249 2915 1372 2964 verum

374 3015 446 3063 esse
462 2998 606 3076 oportet.

456 3091 599 3175 Respexi
614 3091 740 3160 iterum
754 3090 790 3160 in
805 3089 941 3160 tertiam
955 3089 1140 3174 victimam,
1162 3091 1300 3175 vidique
1314 3091 1374 3163 ho-

372 3193 498 3262 minem
512 3190 589 3261 rudi
604 3191 742 3273 vestitu,
758 3189 929 3260 uberrime
944 3189 1043 3273 nigro
1056 3197 1239 3274 comatum,
1253 3192 1374 3262 confu-

372 3315 477 3376 saque
502 3292 608 3362 barba
637 3291 873 3373 conspicuum;
906 3297 980 3360 erat
1004 3297 1122 3360 autem
1142 3290 1244 3362 homo
1267 3313 1372 3376 prope

370 3393 533 3476 gigantea
558 3397 700 3474 statura,
716 3390 784 3474 'qui
806 3390 937 3461 viribus
958 3391 1147 3461 necessario
1177 3391 1372 3475 ingentibus

372 3492 519 3576 pollebat
533 3528 575 3537 -
589 3499 624 3562 et
638 3499 754 3562 tamen
769 3491 825 3560 hae
838 3497 957 3561 contra
971 3490 1158 3561 minutulas
1183 3513 1247 3562 acu
1273 3492 1370 3562 laesu·

372 3615 427 3663 ras
440 3593 476 3662 in
492 3613 596 3662 manu
613 3613 751 3676 prorsus
765 3591 849 3662 nihil
864 3592 1094 3675 proiecerunt.

453 3694 543 3764 Tum
558 3692 670 3763 subita
684 3691 845 3775 cogitatio
860 3713 915 3760 me
929 3691 973 3761 ad
989 3691 1092 3774 pedes
1105 3691 1297 3762 concitavit

454 3793 520 3864 “At
542 3815 624 3864 vero
645 3791 797 3862 Armand
811 3791 839 3860 l”
869 3791 978 3862 clamo
1008 3812 1082 3873 ego.
1119 3789 1288 3861 “Ubinam
1317 3798 1371 3862 est

370 3893 567 3964 Armandl”

451 3993 603 4076 Godrrey
619 3993 727 4064 veluti
741 3993 997 4063 conuniseratus
1012 3988 1089 4075 mei,
1115 3989 1294 4061 subridens
1313 4013 1370 4062 me

368 4095 509 4180 aspexit.

451 4193 580 4280 “Eheu,
596 4193 754 4265 Lester!”
765 4192 950 4278 alloquitur
963 4217 1030 4281 rne,
1045 4194 1109 4266 “ne
1124 4196 1217 4266 hunc
1231 4193 1369 4280 quidem
