3554 5156
418 871 481 943 140
679 885 889 943 ursrraruu
910 887 1017 944 ason
1039 880 1158 942 nourr

415 1055 592 1126 historiam
607 1055 695 1126 hanc
709 1077 764 1126 me
785 1056 975 1127 attentione
998 1057 1102 1127 etiarn
1126 1059 1331 1140 augescente
1357 1074 1416 1124 au·

417 1156 735 1340 senlt‘allitrs’ependium
749 1255 900 1341 principe
916 1257 1059 1341 dignum
1075 1257 1158 1341 est,”
1180 1256 1345 1340 pergebat
1358 1253 1417 1325 he-

416 1377 477 1426 rus
490 1355 724 1440 Homblower,
740 1356 797 1428 “at
810 1358 940 1428 heroX
964 1358 999 1428 id
1025 1378 1243 1441 nequaquam
1267 1355 1415 1426 suffecit.

415 1457 557 1527 Nullum
573 1457 780 1540 stipendium
795 1459 965 1530 sufficeret
986 1493 1027 1507 —-
1036 1480 1104 1542 quo
1113 1458 1276 1528 maiorem
1288 1457 1415 1538 accipe·

416 1555 1416 1641 retpecuniam,eopluresconuniniscereturmodosadeam

415 1657 684 1741 disperdendam.
700 1659 831 1742 ltaque,
842 1659 982 1729 tandem
996 1660 1057 1729 fur
1071 1659 1190 1729 evasit.
1202 1658 1252 1728 Eo
1267 1657 1414 1740 denique

414 1757 553 1829 devenit
561 1764 602 1828 ut
610 1758 775 1842 producta
784 1760 877 1843 artis,
884 1759 1058 1842 venderet,
1074 1759 1279 1842 quibussuae
1293 1757 1416 1828 domus

414 1857 572 1941 affluunt,
587 1880 667 1942 quae
681 1858 820 1942 quidem
835 1880 953 1943 reapse
974 1881 1061 1928 meae
1082 1866 1165 1929 sunt
1189 1857 1330 1940 clientis,
1345 1879 1416 1927 ern·

414 1965 475 2040 pta
499 1958 591 2028 enim
616 1958 691 2029 eius
715 1959 859 2042 pecunia
884 1960 1039 2030 fuerunt.
1069 1959 1163 2030 Binis
1187 1958 1416 2029 circiterante

413 2057 611 2141 septimanis
624 2059 728 2130 cliens
741 2081 828 2142 mea,
844 2067 920 2143 post
936 2060 1151 2144 aliquantum
1164 2080 1272 2129 morae
1297 2059 1333 2128 in
1359 2078 1414 2127 ca·

412 2159 510 2229 stello
524 2180 586 2229 suo
600 2160 635 2229 in
651 2159 861 2231 Normandia
875 2181 1023 2244 reversa,
1047 2181 1127 2231 suas
1149 2160 1298 2230 urbanas
1323 2158 1414 2230 aedes

412 2278 518 2343 prope
532 2259 723 2330 denudatas
737 2260 872 2344 reperit.
894 2261 1045 2344 Tapetae,
1060 2259 1188 2331 tabulae
1213 2260 1324 2344 pictae,
1347 2265 1414 2330 sta·

412 2366 484 2429 ture
497 2395 539 2405 —
553 2361 667 2430 omnia
681 2359 857 2431 divendita
871 2367 980 2430 erant.
1012 2361 1106 2431 Inter
1129 2382 1184 2431 res
1204 2367 1348 2431 caeteras
1368 2359 1412 2430 ab

411 2481 453 2530 eo
468 2459 618 2543 direptas
632 2460 700 2530 fuit
716 2482 795 2530 arca
811 2461 926 2544 Boule,
941 2481 1011 2544 qua
1024 2461 1128 2531 cliens
1142 2483 1218 2531 mea
1228 2461 1324 2531 velut
1335 2459 1413 2530 scri·

411 2559 522 2642 ptoria
537 2561 589 2630 uti
605 2560 792 2630 consuevit
824 2559 915 2631 Arca
938 2568 1013 2631 crat
1039 2560 1298 2644 pretiosissima;
1324 2567 1411 2631 atta·

412 2680 493 2730 men
506 2681 575 2730 non
589 2660 686 2731 valor
709 2660 924 2744 pecuniarius
936 2682 1049 2731 meam
1073 2661 1231 2732 clientem
1254 2660 1412 2732 sollicitu-

411 2759 490 2829 dine
504 2759 611 2844 angit,
625 2767 662 2830 et
676 2760 720 2830 ad
735 2782 811 2829 eam
825 2760 1094 2844 recuperandam
1107 2761 1242 2845 urget”

493 2858 557 2931 Hic
572 2860 743 2944 paulisper
757 2860 930 2944 conticuit,
945 2860 1182 2945 clarandaeque
1206 2861 1282 2931 voci
1296 2860 1411 2931 stude·

409 2959 478 3042 bat,
493 2959 585 3031 unde
600 2960 704 3044 probe
719 2960 869 3030 intellexi
884 2959 1156 3032 delicatissimam
1172 2961 1322 3032 historiae
1337 2982 1409 3032 suae

409 3067 542 3143 partem
557 3083 637 3131 eum
652 3060 816 3144 attigisse.

492 3159 626 3231 “Herus
650 3161 691 3245 Χ,
719 3182 850 3232 mernor
879 3160 1008 3232 decoris
1036 3160 1246 3246 dumtaxat,”
1272 3163 1409 3234 tractim

408 3261 638 3345 prosequitur,
653 3259 715 3331 “ut
729 3262 849 3332 saltem
864 3262 937 3345 ipse
952 3262 1015 3332 sibi
1039 3269 1264 3347 persuaserat,
1279 3262 1410 3333 consili·

408 3382 468 3431 um
481 3363 572 3444 cepit
587 3361 808 3445 epistolarum
823 3383 896 3432 suae
910 3363 1027 3433 uxoris
1042 3363 1300 3434 servandarum.
1335 3362 1409 3434 Hoc

408 3461 592 3545 propositio
617 3468 780 3532 contenta
802 3463 995 3532 fonrlorum
1025 3463 1061 3532 in
1090 3463 1206 3533 sellam
1223 3462 1409 3547 quamdam

408 3561 569 3645 profundi
584 3561 691 3633 iussit.
727 3562 812 3632 Enat
832 3569 948 3633 tamen
971 3561 1018 3633 ibi
1043 3563 1177 3634 forulus
1191 3563 1254 3646 ipsi
1269 3584 1409 3647 prorsus

410 3663 553 3746 ignotus
567 3697 608 3708 —
622 3663 758 3732 forulus
772 3663 937 3746 occultus,
951 3662 1066 3734 clienti
1081 3669 1219 3734 tantum
1245 3685 1332 3734 meae
1354 3687 1409 3735 co·

408 3762 536 3846 gnitus.
558 3763 627 3832 lste
642 3762 776 3833 fomlus
801 3763 1015 3846 manipulum
1038 3764 1231 3834 occultabat
1253 3764 1408 3847 epistola·

408 3884 487 3932 rum
500 3862 633 3934 clientis
646 3883 742 3945 meae,
758 3883 844 3946 quas
857 3862 931 3946 ipsa
956 3884 1090 3933 summa
1114 3863 1335 3934 sollicitudine
1357 3886 1408 3934 re·

407 3984 572 4046 cuperare
585 3969 740 4032 conatur.
763 3961 814 4032 De
828 3962 940 4033 indole
955 3963 1078 4034 harum
1103 3962 1187 4033 nihil
1212 3963 1408 4035 memorabo

407 4097 449 4108 -
464 4083 539 4146 ego,
554 4063 718 4146 profecto,
733 4061 793 4132 vix
807 4060 994 4146 quidquam
1009 4062 1052 4134 de
1072 4063 1114 4134 iis
1137 4063 1214 4148 scio,
1238 4062 1405 4149 siquidem

408 4183 529 4234 revera
552 4183 616 4234 nec
639 4159 683 4233 ad
706 4182 780 4232 rem
804 4184 916 4234 meam
938 4164 1082 4235 faciunt.
1115 4164 1192 4248 Ipsa
1219 4172 1335 4235 tamen
1350 4185 1405 4236 me
