3502 5158
650 874 787 930 nuumn
806 874 846 929 m
866 874 984 930 causa
1275 856 1317 930 65

402 1040 574 1112 “Intuitus
589 1043 672 1114 satis
686 1043 875 1114 sufficiebat
889 1043 933 1113 ad
946 1043 1205 1126 intelligendum
1219 1063 1319 1126 opem

320 1142 405 1212 nulli
420 1144 495 1213 fore
510 1143 619 1226 usui,''
634 1143 808 1228 respondit
823 1144 962 1227 Rogers,
984 1144 1165 1227 respiciens
1188 1144 1223 1213 in
1245 1165 1318 1213 rem

319 1244 516 1314 convulsam
530 1243 566 1314 in
581 1245 652 1314 solo
675 1245 852 1328 iacentem,
866 1266 936 1314 non
952 1245 1023 1314 sine
1038 1243 1222 1315 manifesto
1244 1243 1320 1314 hor·

319 1363 404 1412 rore.

401 1458 517 1543 Grady
531 1483 611 1530 eum
625 1482 687 1545 pro
701 1468 874 1531 momento
894 1461 963 1531 acri
987 1462 1111 1532 obtutu
1135 1461 1320 1544 conspexit,

319 1559 378 1628 sed
392 1561 485 1630 nulla
500 1561 638 1631 subesse
652 1583 756 1632 causa
771 1561 953 1632 videbatur
968 1583 1073 1645 quare
1088 1561 1318 1631 narrationem

319 1659 464 1731 hominis
477 1661 513 1731 in
528 1661 671 1732 dubium
685 1669 834 1732 vocaret.
856 1662 943 1732 Dein
964 1662 1125 1732 Deiectus
1150 1661 1319 1731 Lictorius

319 1758 520 1831 inconclavi
534 1761 784 1845 circumspexit
1110 1829 1111 1834 ,

402 1875 485 1947 “Est
499 1877 553 1948 hic
568 1878 695 1962 aliquid
710 1879 802 1962 quod
817 1900 938 1962 capere
948 1879 1113 1962 nequeo,''
1124 1877 1201 1948 dein
1211 1878 1319 1961 fatur,

320 1974 376 2046 “et
389 1977 454 2048 hoc
469 1985 531 2062 est,
547 1977 630 2062 quid
644 1979 793 2050 Vantine
813 1979 945 2049 cunctis
960 1979 1013 2049 his
1027 1978 1212 2048 luminibus
1236 1977 1320 2048 indi·

320 2076 443 2160 guerit
466 2078 635 2162 Quidnam
650 2079 722 2161 ipse
737 2078 791 2150 hic
806 2079 960 2162 agitabat
968 2079 1005 2149 ?”

403 2193 490 2265 “Pro
504 2202 597 2267 certo
612 2196 707 2280 scire,
723 2196 770 2266 mi
794 2197 895 2279 Here,
922 2196 1043 2280 utique
1067 2217 1136 2266 non
1160 2215 1317 2278 possum;

320 2301 472 2365 attamen
487 2296 643 2366 existimo
657 2318 738 2366 eum
753 2297 946 2380 congeriem
971 2295 1144 2367 variarum
1170 2316 1256 2379 quas
1276 2317 1319 2364 ex

320 2393 457 2478 Europa
477 2395 723 2479 importaverat
744 2397 1003 2478 supellectilium
1028 2395 1234 2479 aspectabat.
1270 2395 1320 2465 Ut

320 2494 381 2565 tibi
396 2495 582 2579 cognitum,
598 2497 670 2579 ipse
683 2496 891 2580 conquisitor
905 2498 1031 2567 callens
1054 2496 1178 2566 harum
1203 2516 1318 2564 rerum

319 2595 397 2664 fuit.
419 2593 508 2666 Sunt
521 2595 674 2679 quinque
688 2604 751 2666 aut
765 2619 824 2666 sex
838 2596 1003 2667 eiusmodi
1026 2617 1080 2666 res
1105 2595 1140 2665 in
1163 2593 1319 2667 cubiculo

320 2695 504 2776 proximo.'’

403 2809 481 2882 Sine
494 2813 601 2883 verbo
615 2812 730 2896 Grady
746 2813 903 2894 surrexit,
918 2812 1146 2896 transivitque
1169 2811 1205 2881 in
1228 2809 1320 2881 cubi-

320 2911 435 2981 culum
449 2912 659 2996 contiguum,
673 2935 736 2983 nos
748 2934 831 2983 vero
846 2919 922 2996 post
933 2935 1012 2983 eum
1022 2935 1031 2996 ;
1043 2913 1173 2995 Rogers
1183 2917 1319 2982 tantum

322 3012 483 3082 remansit
506 3012 566 3082 ubi
591 3012 735 3083 sederat.
768 3013 907 3082 Memini
920 3035 975 3083 rne
989 3035 1052 3097 per
1065 3013 1248 3082 humerum
1270 3033 1320 3080 re·

322 3113 467 3194 spexisse
483 3111 676 3196 vidisseque
690 3135 795 3196 quam
816 3113 888 3196 ipse
902 3135 974 3184 sese
990 3114 1025 3183 in
1040 3114 1121 3183 sella
1142 3111 1320 3194 congloba-

322 3211 419 3294 verit,
445 3213 512 3282 acsi
537 3213 667 3296 grande
690 3213 862 3296 quoddam
886 3235 974 3284 onus
998 3235 1078 3283 eum
1100 3212 1320 3296 oppressisset

324 3313 577 3395 quamprimum
593 3334 655 3382 nos
669 3319 768 3396 terga
781 3320 1004 3383 verteremus.

403 3412 567 3483 Memoria
582 3413 711 3496 Rogers
727 3421 842 3483 tamen
857 3413 941 3483 mihi
954 3414 990 3482 in
1006 3419 1189 3496 conspectu
1205 3433 1320 3480 rerum

321 3519 401 3582 ante
415 3535 478 3584 nos
492 3513 680 3597 positarum
695 3513 762 3584 cito
776 3513 911 3584 excidit.

403 3630 605 3702 Cubiculum
616 3630 759 3701 interius
773 3632 950 3714 splendore
972 3631 1141 3701 luminum
1156 3635 1230 3698 erat
1244 3650 1319 3711 per-

321 3733 447 3814 fusum,
461 3732 612 3815 supellex
627 3738 744 3801 autem
757 3731 829 3801 sine
845 3732 962 3802 ordine
977 3738 1051 3802 erat
1065 3730 1213 3812 disiecta,
1228 3750 1321 3812 pror·

321 3853 379 3902 sus
394 3839 435 3902 ut
448 3853 513 3913 ego
527 3838 629 3900 antea
643 3830 743 3900 hodie
756 3831 919 3902 videram.
935 3831 1012 3902 Una
1027 3837 1163 3901 tantum
1177 3835 1320 3898 reserat

320 3933 393 4002 loco
407 3952 469 4001 suo
484 3930 622 4012 dimota,
639 3953 680 4000 ea
694 3937 810 4000 autem
825 3937 900 4001 crat
914 3953 993 4001 arca
1008 3931 1124 4000 Boule.

404 4047 486 4118 Haec
501 4047 545 4117 ad
560 4047 710 4118 medium
725 4070 834 4131 usque
849 4048 1043 4119 cubiculum
1063 4053 1137 4117 erat
1152 4051 1319 4129 promota,

321 4150 405 4222 etin
420 4147 652 4235 plenissimum
666 4149 837 4236 fulgorem
852 4149 1019 4222 luminum
1043 4146 1235 4221 candelabri
1256 4146 1321 4220 col·
