3502 5158
622 903 830 958 nnonunruu
844 904 1037 960 1111111111
1308 892 1328 962 5

329 1069 391 1152 sti;
413 1077 458 1152 et,
472 1077 513 1140 ut
527 1070 576 1140 ita
596 1071 715 1154 dicam,
737 1071 772 1141 in
794 1071 883 1142 diem
904 1073 1119 1156 senescimus,
1141 1074 1328 1157 eademque

329 1170 459 1240 ratione
479 1171 717 1242 assuetudines
737 1172 902 1242 eiusmodi
927 1174 1033 1257 pluris
1057 1174 1215 1244 tacimus.
1239 1175 1330 1244 Pras

328 1277 431 1354 terea,
447 1293 537 1341 nova
552 1271 673 1342 domus
687 1293 812 1342 novam
827 1273 979 1357 exigeret
992 1274 1260 1357 instructionem,
1271 1297 1329 1345 no-

328 1393 409 1441 vam
430 1372 670 1455 supellectilem
684 1373 747 1419 -”

411 1472 565 1542 Cessavit
578 1473 701 1556 paullo,
716 1479 752 1542 et
762 1473 797 1542 in
807 1473 963 1544 cubiculo
972 1475 1220 1558 circumspexit.
1231 1475 1330 1559 Quae-

328 1594 395 1657 que
416 1595 495 1657 pars
510 1571 725 1656 supellectilis
739 1594 825 1655 opus
838 1574 908 1643 fuit
921 1574 1069 1656 artificis,
1085 1596 1157 1644 suae
1171 1576 1256 1645 artis
1270 1597 1328 1658 pe·

327 1671 486 1742 ritissimi.

411 1771 466 1843 “Si
479 1779 571 1843 recte
586 1795 747 1856 auguror,
759 1773 843 1844 dum
856 1773 1126 1858 peregrinabans
1135 1774 1261 1844 iterum
1272 1775 1330 1844 ali-

327 1872 409 1956 quid
424 1875 504 1943 novi
518 1873 709 1957 invenisti,”
723 1873 776 1944 aio
790 1874 847 1957 illi,
861 1873 930 1945 “ita
944 1875 1034 1945 enim
1055 1876 1150 1946 soles.
1175 1875 1329 1945 Fortuna

327 1972 388 2043 tibi
404 1995 537 2057 semper
551 1973 708 2044 arridet.”

412 2073 495 2156 “Sic,
512 2095 592 2143 sane
613 2109 639 2120 -
660 2081 695 2144 et
711 2075 775 2144 hoc
789 2082 841 2145 est
852 2082 959 2146 curte
970 2077 1145 2146 consulere
1156 2075 1325 2159 optabam.

327 2172 433 2244 Senas
441 2175 496 2244 vel
511 2181 650 2244 octonas
664 2195 720 2245 res
732 2196 867 2245 mecum
882 2176 993 2256 retuli
1003 2197 1060 2245 eas
1074 2175 1136 2245 tibi
1147 2175 1326 2245 confestim

327 2274 513 2344 ostendam.
525 2274 667 2345 Cunctae
678 2282 760 2344 sunt
771 2275 911 2357 scitulae‚
922 2297 993 2345 una
1003 2283 1120 2345 autem
1131 2275 1204 2358 ipsa
1211 2275 1327 2358 pulch·

328 2373 441 2443 ritudo
455 2383 517 2444 est.
534 2375 607 2444 Imo
620 2376 698 2457 plus
711 2396 753 2445 ea
768 2381 821 2445 est
838 2411 875 2420 —
892 2396 978 2459 opus
998 2375 1180 2458 singularis
1194 2374 1326 2445 artificii

326 2481 387 2542 est.
403 2473 542 2558 Verum,
557 2496 619 2558 pro
632 2476 722 2543 maia
735 2475 887 2558 fortuna,
902 2496 970 2544 non
985 2496 1101 2544 meum
1117 2475 1201 2544 est”

408 2573 520 2658 “Quid
535 2573 602 2644 ais!
623 2595 693 2644 non
708 2581 760 2645 est
775 2582 877 2645 tuum
885 2575 921 2644 ?'’

410 2673 508 2743 “Non
524 2681 585 2756 est,
600 2697 663 2744 nec
688 2674 756 2745 scio
770 2674 867 2744 cuius
882 2675 935 2746 sit
951 2674 985 2746 Si
1001 2675 1130 2758 scirem,
1151 2677 1328 2759 praestina·

326 2794 407 2843 rem.
418 2774 534 2845 Ethoc
544 2774 705 2858 estquod
717 2782 752 2844 te
762 2797 839 2845 meo
850 2774 986 2844 nomine
1000 2776 1115 2845 iacere
1133 2775 1245 2846 velim.
1264 2775 1327 2845 Est
1346 2823 1352 2834 ·

326 2883 442 2944 autem
464 2896 597 2945 111111
611 2875 717 2945 Boule
732 2911 773 2920 -
788 2897 905 2959 parem
920 2875 1018 2946 cuius
1032 2875 1102 2946 vidi
1117 2876 1326 2962 nunquamss'

409 2974 610 3045 “Undenam
636 2975 819 3059 importata
828 2973 864 3044 ?”
887 2997 1004 3059 quaero
1019 2997 1062 3046 ex
1077 2998 1118 3045 eo
1132 2977 1242 3060 magis
1256 2998 1328 3046 ma-

325 3077 447 3160 gisque
461 3082 613 3158 stupens.

409 3174 574 3259 “Parisiis,
598 3184 718 3260 estque
741 3177 785 3247 ad
810 3199 866 3246 me
889 3177 1026 3247 directa
1050 3177 1162 3248 Unam
1188 3184 1325 3248 tantum

323 3297 462 3347 causam
485 3277 568 3346 mihi
593 3276 723 3361 fingere
747 3298 846 3361 queo,
862 3284 1102 3348 convasatores
1126 3300 1249 3363 nempe
1264 3278 1326 3348 Ρ1-

324 3376 459 3446 risiacos
473 3399 613 3460 errasse,
629 3399 742 3447 1111111
756 3379 897 3448 alterius
910 3377 1087 3448 cuiusdam
1097 3378 1179 3448 mihi
1191 3379 1326 3449 mitten·

324 3475 377 3558 do,
393 3497 504 3546 meam
519 3483 635 3546 autem
650 3476 779 3546 alteri.”

407 3576 547 3646 “Emisti
562 3577 669 3660 igitur
683 3578 834 3648 unam?”

407 3675 503 3746 “Emi
524 3699 639 3760 unam,
661 3677 720 3747 sed
745 3699 786 3748 ea
808 3700 876 3748 non
898 3679 1063 3763 pervenit.
1095 3680 1143 3750 At
1167 3679 1223 3750 illa
1245 3680 1324 3750 huic

322 3786 518 3860 comparata
530 3799 635 3860 nugae
648 3799 753 3848 merae
767 3786 857 3848 sunt.
880 3779 990 3848 Homo
1004 3801 1103 3850 meus
1123 3781 1231 3850 Parks
1251 3781 1323 3864 heri

322 3898 399 3946 eam
413 3899 431 3946 e
445 3877 595 3960 portoria
615 3878 752 3961 accepit.
774 3877 948 3962 Siquidem
969 3880 1004 3949 in
1025 3879 1227 3950 indicatione
1247 3903 1325 3952 mea

323 3985 362 4047 ut
377 3999 455 4047 1111
469 3977 576 4047 Bouie
585 3977 712 4048 indicta
726 3985 810 4062 erat,
826 3980 884 4049 sed
900 4001 994 4049 error
1008 4001 1117 4065 usque
1128 4003 1168 4051 eo
1179 3981 1323 4065 delituit,

323 4077 429 4147 donec
443 4077 518 4160 ipsa
533 4099 611 4147 1111
625 4077 693 4147 huc
708 4077 821 4149 delata
835 4087 1042 4164 evasataque
1057 4083 1142 4152 est.''

406 4175 482 4246 “An
497 4177 532 4246 in
548 4178 698 4261 portoria
714 4186 788 4249 erat
802 4180 953 4250 cratibus
967 4182 1125 4252 soluta?”
