3500 5158
703 897 791 952 sors
810 897 895 952 unu
915 897 1022 952 rroor
1300 883 1364 954 293

444 1065 598 1150 Godfrey
613 1101 654 1111 -
669 1066 810 1136 ubinam
833 1066 964 1137 interea
977 1073 1053 1136 erat
1077 1065 1251 1150 Godfrey?
1274 1065 1365 1136 Nam

360 1165 432 1250 ipse
446 1166 593 1250 vestigia
607 1165 776 1238 Crochurd
791 1166 924 1251 insequi
939 1165 1022 1236 mihi
1037 1165 1187 1249 parebat.
1203 1166 1299 1236 Num
1314 1165 1364 1235 in-

359 1265 593 1350 sequebatur?
605 1267 640 1336 N
640 1287 701 1336 um
708 1288 787 1336 cum
801 1289 842 1337 eo
850 1287 974 1337 manus
983 1287 1159 1336 conserere
1168 1287 1273 1337 ausus
1284 1267 1366 1337 est?

360 1365 517 1437 Fortasse
531 1365 636 1436 etiam
650 1366 713 1437 hoc
727 1365 801 1450 ipso
814 1373 987 1436 momento
1002 1419 1010 1436 .
1027 1419 1035 1436 .
1052 1419 1060 1436 .

444 1482 512 1554 Vix
526 1485 594 1553 mei
609 1503 747 1566 compos
761 1483 928 1566 palpando
944 1482 1026 1552 mihi
1040 1483 1132 1552 viam
1146 1483 1191 1553 ad
1215 1481 1363 1565 telepho-

360 1603 446 1652 num
460 1582 614 1666 quaesivi,
630 1604 669 1652 ac
684 1603 867 1652 numerum
884 1583 1036 1665 Godney
1051 1581 1208 1665 petivi-
1217 1581 1365 1652 absurde

360 1688 397 1751 et
411 1688 529 1752 contra
537 1703 632 1764 spem
643 1702 792 1765 sperans,
808 1681 954 1765 denique
966 1689 1092 1764 tamen,
1104 1703 1239 1752 summo
1250 1689 1365 1764 stupo-

361 1802 408 1865 re,
418 1787 454 1851 et
468 1781 504 1852 in
514 1802 677 1864 magnam
690 1781 794 1851 animi
808 1781 1044 1852 allevationem
1053 1803 1173 1852 vocem
1187 1781 1261 1851 eius
1270 1780 1365 1851 audi·

361 1880 993 1952 vi-nonadmodumamicam....

444 1995 561 2067 “Heus
573 1996 602 2066 !”
619 1998 727 2068 refert
754 1998 836 2081 ipse.

443 2095 649 2181 “Godfrey,”
664 2097 750 2180 coepi
766 2120 840 2181 ego,
856 2096 931 2167 “hic
946 2097 1076 2168 Lester.
1092 2097 1151 2167 Ille
1166 2097 1307 2167 evasit.''

445 2195 595 2281 “Utique
619 2197 729 2268 evasit
741 2196 750 2266 !
764 2196 869 2280 Spero
893 2204 928 2267 te
943 2219 1012 2267 non
1038 2197 1082 2266 ob
1095 2198 1159 2268 hoc
1172 2219 1228 2267 me
1242 2219 1263 2267 e
1277 2197 1364 2267 lecto

362 2295 569 2368 evocasse?”

446 2395 559 2481 “Ergo
573 2395 637 2467 ubi
650 2397 714 2468 hoc
728 2404 850 2467 notum
857 2395 894 2466 ?”

445 2495 558 2567 “Novi
573 2517 654 2566 eum
668 2497 883 2568 evasurum.”

446 2595 583 2681 “Quum
598 2596 770 2666 clavulare
785 2596 828 2666 ad
844 2597 1075 2679 argentariam
1095 2597 1239 2682 appulit,
1262 2617 1364 2666 nemo

361 2695 425 2767 nisi
440 2695 634 2768 Simmonds
647 2695 683 2766 in
696 2718 737 2766 eo
751 2704 909 2779 repertus
923 2703 984 2766 est.
1000 2696 1192 2766 Simmonds
1206 2696 1307 2779 enim,
1322 2700 1365 2765 ut

362 2803 455 2867 recte
470 2795 703 2880 suspicaberis,
718 2818 832 2866 comes
846 2797 920 2867 eius
933 2797 1034 2866 ruitss’

446 2911 629 2984 “Ullumne
644 2913 723 2983 tulit
737 2911 989 2983 incommodum
998 2912 1035 2982 ?'’

446 3011 575 3082 “Extra
589 3034 626 3082 se
639 3013 802 3083 inventus
815 3018 877 3096 est,
893 3011 1034 3082 sedium
1049 3011 1093 3083 ad
1109 3033 1145 3082 se
1160 3011 1291 3082 rediit.”

446 3111 560 3183 “Bene
575 3119 683 3183 est-
698 3112 758 3182 sed
772 3112 943 3183 Crochard
957 3134 1026 3181 non
1038 3133 1118 3182 eum
1129 3113 1278 3183 laederet
1288 3112 1366 3195 Ipse

362 3219 478 3284 tamen
493 3212 611 3296 utique
624 3234 704 3283 cum
718 3213 864 3296 gemmis
878 3212 1048 3296 mugitu

447 3328 628 3415 “Utique''
643 3329 788 3413 repetivi
803 3329 958 3412 verbum,
984 3351 1053 3399 non
1078 3350 1200 3412 parum
1223 3327 1367 3398 miratus

363 3429 515 3514 Godrrey
530 3435 602 3500 tam
617 3451 716 3514 aequo
730 3429 843 3499 animo
859 3451 932 3499 rem
955 3430 1060 3499 ferre.
1085 3427 1223 3512 “Quum
1235 3428 1270 3498 in
1286 3449 1366 3498 eum

362 3529 503 3600 modum
517 3530 690 3614 erupisti,’'
706 3528 877 3613 subiunxi,
902 3527 1088 3613 “putabam
1111 3529 1185 3598 fieri
1209 3550 1307 3612 posse
1328 3534 1369 3600 ut

363 3631 407 3701 ad
420 3629 659 3700 insectandum
673 3651 754 3700 eum
770 3629 926 3699 ruisses.’'

446 3745 645 3830 “Quidumi
668 3747 784 3831 Quum
798 3747 870 3830 ipse
885 3746 968 3816 mihi
984 3745 1112 3816 vicenis
1135 3746 1277 3816 minutis
1296 3745 1365 3816 iam

362 3845 517 3930 superior
530 3846 643 3916 esset?
659 3846 738 3916 Non
752 3846 837 3917 adeo
852 3845 1003 3916 insanio!
1024 3847 1144 3929 Nuper
1159 3845 1217 3915 vix
1228 3844 1366 3915 dimidio

363 3946 487 4016 minuti
503 3946 644 4016 secundi
658 3947 811 4029 superior
824 3946 907 4016 mihi
922 3945 1078 4028 effugit.”

446 4061 615 4133 ‘'Tentuvi
626 4069 661 4132 te
677 4062 843 4147 assequi,''
858 4062 1004 4146 explicui
1018 4061 1077 4144 illi,
1093 4061 1367 4145 “quamprimum

363 4161 555 4234 Simmonds
568 4183 623 4234 me
639 4162 802 4234 docuerat
816 4163 925 4232 ituros
939 4183 975 4232 se
990 4161 1033 4231 ad
1049 4183 1164 4232 arcam
1179 4161 1366 4244 visendam;
