3554 5156
451 927 493 996 98
717 943 926 996 ursicinum
947 941 1054 995 Anca
1076 935 1194 996 nomn

446 1110 562 1180 Unum
576 1118 691 1179 tamen
706 1109 863 1193 estquod
878 1110 951 1178 fieri
973 1131 1042 1178 non
1064 1109 1178 1192 possit,
1194 1118 1299 1192 atque
1314 1111 1378 1180 hoc
1392 1119 1445 1182 est

454 1233 637 1293 venenum,
647 1211 737 1292 quod
748 1211 774 1280 si
784 1212 832 1279 ita
843 1210 1015 1292 ingestum
1025 1217 1076 1278 est
1085 1208 1187 1279 uthic
1195 1210 1366 1292 ingestum
1380 1234 1453 1281 esse

452 1311 630 1392 credimus
646 1311 810 1392 liquidum
827 1332 901 1378 esse
915 1316 1059 1392 oportet,
1075 1331 1193 1378 recens
1209 1332 1292 1392 csse,
1308 1333 1454 1395 semper·

450 1433 517 1492 que
534 1410 577 1479 ad
592 1409 821 1479 adhibendum
836 1416 994 1492 paratum
1017 1409 1052 1478 in
1076 1431 1117 1478 ca
1140 1431 1219 1478 arca
1243 1412 1371 1480 servari
1393 1433 1453 1493 per

450 1512 645 1592 plusquam
662 1516 833 1579 tercentos
848 1531 963 1578 annos.
992 1509 1099 1592 Atqui
1115 1509 1149 1578 id
1164 1518 1245 1579 ante
1261 1512 1385 1580 saecula
1399 1534 1454 1580 ex-

449 1610 612 1678 siccatum
637 1631 710 1678 esse
736 1609 923 1691 oportebat.
946 1608 1019 1677 Nec
1044 1608 1275 1679 mechanisma
1297 1616 1368 1679 tam
1392 1611 1452 1680 diu

372 1725 374 1728 ·
448 1711 622 1790 integrum
637 1709 848 1792 perduraret,
863 1707 1047 1777 admodum
1061 1709 1151 1777 enim
1163 1717 1328 1790 argutum
1343 1732 1382 1780 ac
1398 1709 1454 1779 de·

449 1810 587 1878 licatum
604 1807 637 1878 id
654 1832 726 1877 esse
743 1815 886 1890 oportet.
909 1807 1054 1876 Proinde
1080 1809 1153 1877 oleo
1179 1808 1323 1878 subinde
1349 1811 1451 1879 oblini

451 1909 666 1990 repararique
681 1908 829 1977 deberet.
852 1907 886 1976 Si
900 1908 1111 1989 choragium¹
1125 1907 1158 1977 id
1174 1909 1316 1990 impellit
1331 1945 1372 1954 -
1391 1932 1454 1978 nec

454 2010 548 2092 capio
564 2009 645 2092 quid
661 2009 752 2077 aliud
769 2009 801 2076 id
825 2007 997 2089 impulerit
1021 2043 1061 2051 -
1086 2008 1285 2090 choragium
1310 2009 1457 2080 debebat

453 2109 595 2177 subinde
612 2109 768 2177 renovari
784 2115 819 2176 et
834 2107 995 2176 intendi.”

441 2269 444 2277 ,
535 2207 688 2278 “Tum‘l”
704 2229 831 2290 quaero,
847 2207 979 2275 silentio
993 2207 1038 2276 ab
1053 2229 1093 2276 eo
1108 2208 1211 2277 facto.

536 2307 643 2378 “Tum
659 2309 788 2376 clarum
803 2315 855 2376 est
870 2308 1022 2376 forulum
1048 2307 1173 2390 aliquid
1191 2309 1387 2378 recentioris
1401 2331 1457 2379 ce-

453 2410 521 2476 lare
538 2431 640 2490 quam
656 2409 787 2476 litteras
810 2407 973 2476 Ludovici
998 2407 1238 2489 Quartidecimi
1264 2411 1454 2478 amatorias.

454 2509 681 2576 Mechanisma
695 2529 782 2576 arcae
796 2507 978 2575 novissime
992 2506 1138 2575 debebat
1154 2507 1188 2574 in
1204 2507 1355 2577 ordinem
1372 2510 1457 2578 redi-

454 2609 499 2690 gi.
526 2609 590 2678 Sed
617 2630 637 2676 a
663 2630 742 2690 qu0,
768 2614 803 2675 et
827 2607 1070 2687 Quamobrem?
1108 2607 1203 2677 Istud
1228 2616 1279 2678 est
1294 2631 1455 2679 arcanum

454 2709 544 2791 quod
561 2731 597 2776 se
611 2707 707 2776 nobis
722 2708 764 2776 ad
781 2706 981 2775 solvendum
1005 2707 1106 2775 offert
1121 2743 1162 2750 -
1177 2714 1229 2775 est
1244 2715 1361 2776 autem
1382 2731 1457 2791 pro

455 2810 575 2892 positio
590 2807 879 2891 praestantissima.
904 2807 988 2875 Dein
1005 2814 1057 2875 est
1079 2807 1169 2876 aliud
1196 2807 1287 2889 quod
1313 2809 1456 2890 obstat‚’'

454 2910 565 2992 pergit
579 2910 643 2977 ille.
665 2907 838 2976 “Francus
853 2907 909 2975 ille
923 2906 1021 2976 novit
1044 2907 1170 2989 aliquid
1196 2907 1238 2975 de
1261 2909 1318 2976 illo
1342 2910 1456 2978 forulo

453 3011 594 3090 occulto,
611 3009 700 3090 quia,
727 3015 767 3076 ut
792 3014 909 3075 nostra
924 3007 993 3075 fert
1009 3008 1188 3089 sententia,
1214 3009 1348 3090 aperuit
1364 3031 1454 3092 eum,

454 3118 489 3178 et
504 3109 631 3178 occisus
646 3115 707 3177 est.
730 3108 798 3177 Cur
813 3107 882 3176 fuit
897 3107 952 3175 ille
969 3107 1109 3188 ignarus
1125 3107 1288 3177 veneni?”

538 3227 609 3295 Hoc
625 3249 706 3294 vere
721 3231 855 3307 poterat
870 3223 1013 3306 obverti,
1038 3229 1073 3291 et
1097 3245 1165 3306 quo
1189 3225 1265 3305 plus
1289 3224 1331 3293 de
1356 3247 1397 3294 ea
1419 3247 1456 3294 re

455 3327 614 3408 cogitavi,
629 3349 668 3394 eo
683 3326 824 3408 gravius
840 3323 1021 3393 videbatur
1037 3324 1259 3392 obstaculum.

546 3443 755 3525 “Fortasse’'
771 3442 819 3510 ait
833 3440 978 3523 denique
991 3440 1151 3522 Godirey,
1168 3440 1359 3510 “d’Aurelle
1369 3444 1459 3511 solus

457 3554 530 3614 erat
546 3553 695 3624 acturus,
711 3565 731 3610 a
747 3543 848 3610 turba
864 3547 1065 3622 segregatus
1080 3541 1141 3584 -''

540 3645 558 3671 u
685 3643 720 3690 'P’

541 3645 729 3813 “rddrrddahic
746 3742 846 3810 turba
862 3740 987 3809 subest.
1011 3740 1082 3808 Hoc
1105 3739 1339 3809 molimentum
1363 3749 1455 3810 certe

457 3867 542 3927 opus
558 3853 609 3913 est
624 3843 859 3925 complurium.
873 3841 949 3908 Dux
965 3849 1081 3908 autern
1097 3839 1196 3908 istius
1207 3840 1318 3908 turbae
1330 3861 1455 3922 magno

457 3955 507 4014 est
523 3943 678 4026 ingenio!
701 3943 804 4010 Miror
820 3949 937 4009 utrum
958 3939 1071 4021 capias
1094 3940 1213 4022 quanti
1235 3941 1362 4022 ingenii
1384 3941 1456 4023 ipse

456 4046 518 4114 sit!
542 4046 675 4126 Reputa
690 4043 807 4110 modo:
831 4042 906 4122 lpse
922 4047 1136 4122 perspectum
1159 4040 1263 4108 hahet
1286 4047 1455 4110 secretum

558 4249 581 4298 1.
598 4246 647 4297 Est
660 4243 780 4310 chalybs,
795 4243 823 4294 in
838 4241 938 4307 spiram
951 4245 1047 4302 tortus,
1059 4239 1105 4307 qui
1120 4240 1263 4307 horologia
1276 4241 1402 4308 impellit.
