3502 5158
620 870 1036 924 PROLUBIUMCALLEN'rls
1310 853 1329 922 7

414 1041 537 1110 “Visne
552 1043 645 1110 foras
660 1061 739 1109 eum
753 1040 939 1123 expediam,
955 1041 1000 1108 mi
1015 1039 1105 1108 Here
1113 1039 1149 1108 ?''
1164 1047 1264 1121 rogat
1275 1039 1331 1108 de-

330 1141 432 1224 nique
447 1141 563 1210 Parks.

413 1239 472 1310 “Id
487 1241 554 1310 noli
565 1241 593 1309 !'’
616 1241 791 1316 naululum
804 1240 964 1309 dubitans
979 1239 1152 1322 respondit
1174 1239 1329 1309 Vantine.

330 1340 499 1424 “Rogabis
514 1362 594 1410 eum
609 1348 649 1409 ut
663 1339 832 1409 modicum
847 1347 1043 1421 exspectare
1059 1339 1174 1420 velit,”
1201 1340 1331 1408 interea

330 1442 496 1526 pagellam
513 1442 609 1510 iuxta
623 1441 774 1522 patinam
789 1461 886 1509 suam
901 1461 1076 1522 reponens.

413 1541 516 1610 “Mihi
541 1541 651 1621 crede,
677 1539 722 1608 mi
748 1539 897 1620 Lester‚''
922 1540 1034 1622 pergit
1059 1540 1123 1620 ilie,
1149 1547 1330 1622 postquam

329 1641 437 1711 Parks
450 1640 658 1722 discesserat,
675 1639 802 1723 “quum
819 1639 882 1709 hoc
897 1661 996 1708 mane
1021 1661 1135 1709 arcam
1147 1639 1259 1708 visum
1275 1639 1331 1708 de·

329 1743 536 1822 scenderam
562 1740 620 1809 vix
645 1739 749 1810 oculis
774 1739 857 1808 meis
882 1740 1021 1809 credere
1041 1747 1204 1822 poteram.
1241 1738 1331 1821 Quid

329 1863 499 1926 quamque
516 1839 756 1924 supellectilem
772 1862 844 1923 prae
857 1841 988 1909 caeteris
1003 1841 1150 1910 maxime
1164 1860 1333 1908 commen·

329 1942 426 2012 daret
440 1941 525 2012 scire
539 1963 593 2010 me
615 1941 789 2023 putabam,
803 1947 955 2010 attamen
970 1961 1082 2009 arcam
1098 1939 1260 2009 eiusmodi
1276 1941 1332 2008 vel

329 2043 489 2112 exsistere
505 2063 573 2110 non
597 2041 771 2110 somniavi.
802 2039 1033 2109 Pulchenima
1048 2062 1150 2123 quam
1167 2038 1247 2108 mihi
1271 2061 1332 2109 un·

331 2165 434 2227 quarn
448 2141 565 2212 videre
579 2141 732 2223 contigit,
749 2141 782 2209 in
799 2140 935 2210 Louvre
956 2147 1018 2209 est.
1055 2141 1137 2209 Haec
1159 2149 1274 2209 autem
1296 2140 1330 2209 in

329 2243 407 2313 aula
421 2241 614 2312 Ludovicea
630 2241 944 2324 Quartodecimana,
960 2242 1075 2310 alaevo
1086 2241 1129 2309 ad
1140 2241 1331 2323 ingressum

330 2349 408 2412 stat.
420 2341 470 2410 Ea
484 2341 590 2425 ipsius
606 2341 767 2410 Ludovici
783 2341 860 2409 olim
876 2347 959 2409 erat.
976 2340 1054 2409 Sine
1070 2340 1268 2409 accuratiori
1284 2340 1332 2408 in·

330 2443 451 2525 dagine
481 2441 601 2523 utique
627 2447 720 2510 certo
746 2441 829 2510 scire
855 2461 998 2523 nequeo,
1028 2441 1180 2523 suspicor
1204 2447 1331 2521 tamen,

330 2541 471 2626 pulchra
485 2547 526 2610 ut
541 2541 594 2622 sit,
610 2539 653 2610 ad
668 2561 822 2609 nonnam
843 2539 946 2609 huius
959 2561 1031 2609 esse
1047 2539 1206 2609 iactam.''

414 2641 601 2723 Parumper
632 2639 803 2720 conticuit,
833 2661 956 2722 meque
996 2640 1100 2708 oculis
1128 2638 1332 2708 micantibus

329 2741 534 2824 flammaque
547 2739 716 2809 succensis
730 2739 876 2809 hominis
890 2739 1051 2809 callentis,

414 2839 536 2909 “Haud
563 2839 644 2909 mihi
669 2845 762 2909 certo
787 2847 921 2909 constat
946 2847 1065 2908 utrum
1087 2839 1210 2908 idioma
1231 2846 1332 2908 tuum

331 2942 412 3010 satis
436 2939 606 3021 calleam,''
632 2939 732 3008 retuli
756 2961 829 3022 ego.
852 2937 1043 3021 “Quidnam
1069 2945 1166 3008 sonat
1188 2936 1242 3008 ‘ad
1258 2959 1334 3006 nor·

332 3062 421 3109 mam
437 3061 509 3109 esse
524 3039 680 3109 iactam‘i’
698 3039 716 3066 ”

414 3137 592 3223 “Supellex
614 3138 751 3219 Boule,”
773 3138 917 3222 explicat
939 3139 1020 3221 ipsc,
1050 3137 1271 3221 “plerumque
1294 3135 1334 3206 fit

331 3262 372 3308 ex
388 3239 505 3320 ebeno,
520 3239 691 3308 testudine
702 3237 878 3321 variegato
889 3261 927 3308 ac
940 3237 1084 3318 musivo,
1095 3237 1130 3306 in
1145 3259 1213 3306 aere
1224 3237 1334 3306 diver·

331 3339 357 3407 si
374 3338 510 3422 generis
524 3338 721 3407 incrustata.
738 3337 832 3420 Opus
847 3345 963 3407 autem
974 3337 1149 3407 crustandi
1164 3336 1207 3406 ad
1223 3357 1334 3406 amus

331 3439 393 3508 sim
408 3436 482 3507 fieri
497 3437 652 3518 debebat,
667 3437 758 3520 quod
772 3443 813 3506 ut
828 3436 934 3519 tieret,
959 3436 1124 3506 artificem
1146 3435 1232 3506 duas
1253 3437 1334 3504 lam·

331 3561 392 3608 nas
408 3537 560 3608 eiusdem
576 3537 823 3620 magnitudinis
837 3545 872 3606 et
886 3537 1046 3606 crassitiei
1065 3536 1224 3606 adhibere
1238 3557 1335 3618 opor-

331 3639 435 3720 tebat,
451 3639 593 3708 alteram
608 3637 769 3720 petalum,
791 3637 999 3706 testudinem
1023 3636 1174 3718 alteram,
1190 3635 1334 3706 delinea-

333 3739 383 3807 vit
398 3760 481 3809 vero
503 3737 722 3820 superiorem,
737 3735 860 3806 excidit
881 3745 998 3806 autem
1020 3736 1119 3805 simul
1140 3743 1333 3818 utramque.

331 3837 385 3908 Sic
401 3839 468 3907 duo
483 3843 599 3908 crusta
628 3836 753 3905 effecta
767 3843 857 3917 sunt,
873 3835 1114 3918 primigenium
1131 3856 1209 3904 cum
1225 3834 1333 3904 fundo

330 3937 591 4008 testitudinaceo
603 3936 766 4018 aereisque
778 3937 924 4018 capulis;
940 3945 1044 4019 atque
1056 3934 1250 4019 gemellum,
1262 3934 1333 4004 red·

331 4037 477 4107 ditivum
502 4037 655 4120 petalum
671 4057 749 4106 cum
765 4036 900 4105 musivo
915 4036 1186 4106 testitudinaceo.
1218 4035 1336 4104 Primi·

331 4138 470 4219 genium
493 4157 611 4219 reapse
627 4143 678 4206 est
694 4159 780 4219 opus
794 4135 931 4205 artificis
952 4136 987 4204 in
1003 4133 1182 4205 effectibus
1196 4135 1336 4204 medita·
