3500 5158
816 1802 967 1875 CAPUT
987 1803 1083 1874 XXV

687 1989 908 2061 Adomoatos
922 1989 1198 2060 Mioboolooitcb.

533 2172 658 2243 Hunos
678 2189 784 2244 moos
807 2174 976 2256 collectus,
1001 2173 1208 2257 minimeque
1232 2172 1393 2243 turbatus
1413 2171 1449 2242 in

449 2293 512 2342 nos
537 2272 697 2342 renidens
720 2295 862 2343 manum
887 2273 1069 2354 sublatam,
1092 2294 1136 2342 ne
1158 2272 1297 2343 minime
1310 2271 1449 2356 quidem

449 2371 632 2442 tremulam
646 2373 744 2443 nobis
758 2373 955 2443 ostentabat
970 2409 1011 2418 -
1037 2393 1179 2442 manum
1203 2372 1449 2454 manutiatam;

449 2473 485 2542 in
500 2493 621 2542 aversa
635 2479 733 2555 parte
744 2473 842 2543 cuius
853 2473 965 2543 loricae
975 2473 1137 2556 parvulas
1146 2479 1334 2556 puncturas
1344 2472 1451 2542 anim·

447 2571 592 2642 adverti.
614 2571 653 2642 In
669 2594 804 2656 quoque
820 2571 1004 2643 scrobiculo
1018 2579 1131 2656 guttae
1150 2571 1356 2642 videbantur
1377 2571 1451 2641 lati·

450 2671 510 2742 cis¹
525 2670 620 2742 rubri
637 2707 677 2718 -
692 2673 880 2756 sanguineo
901 2672 1007 2755 rubri,
1022 2678 1063 2742 ut
1075 2673 1147 2756 ipse
1162 2671 1384 2742 admiratione
1398 2692 1452 2742 ca·

450 2779 533 2856 ptus
546 2772 719 2856 oculisque
735 2773 854 2842 defixis
867 2772 951 2841 mihi
972 2772 1233 2856 interpretabar.
1269 2771 1314 2842 Et
1343 2793 1451 2856 quan·

450 2879 488 2942 ta
503 2871 606 2942 huius
619 2872 766 2942 hominis
780 2872 948 2942 fortitudo
970 2880 1005 2942 et
1027 2872 1218 2942 constantia
1232 2871 1304 2942 est!
1339 2872 1379 2942 In
1394 2893 1452 2942 ve·

451 2971 505 3041 nis
517 2972 603 3041 meis
616 2992 689 3055 prae
702 2972 925 3042 admiratione
939 2971 1043 3042 huius
1063 2972 1208 3042 hominis
1233 2971 1374 3055 sanguis
1398 2993 1452 3042 oa·

450 3072 574 3142 lescere
587 3071 701 3155 coepit.

523 3185 652 3257 “Latex
660 3188 735 3271 iste,
743 3187 873 3270 amici,''
881 3189 972 3257 molli
981 3209 1042 3258 sua
1051 3209 1134 3258 voce
1144 3189 1251 3270 fatur,
1259 3185 1451 3259 “venenum

451 3287 657 3357 dirissimum
673 3294 735 3370 est,
752 3289 842 3370 quod
858 3287 902 3358 ab
925 3287 1119 3357 hominibus
1145 3309 1297 3371 unquam
1313 3288 1357 3358 sit
1371 3309 1449 3358 con-

449 3393 594 3457 coctum.
608 3386 762 3457 Guttulae
776 3387 831 3456 hae
845 3387 925 3457 duae
940 3387 1077 3457 vicenos
1088 3387 1243 3457 homines
1259 3387 1453 3470 perimeret,

450 3493 487 3556 et
501 3486 573 3556 ictu
588 3485 726 3568 quidem
741 3487 839 3556 oculi.
861 3486 953 3556 Odor
968 3486 1042 3558 eius
1056 3487 1196 3570 originis
1208 3487 1311 3556 index
1326 3488 1399 3557 est'’
1410 3523 1452 3532 -

451 3607 490 3655 ac
505 3605 626 3656 revera
639 3591 713 3656 tota
728 3608 812 3656 nura
827 3585 1007 3670 amygdala
1022 3608 1138 3656 amara
1152 3585 1325 3657 redolebat
1339 3621 1381 3632 ·-
1396 3585 1454 3658 “at

449 3705 624 3756 venenum
650 3707 830 3756 commune
856 3685 935 3756 inde
958 3686 1138 3756 obtentum
1160 3691 1214 3756 est
1228 3686 1338 3756 veluti
1357 3685 1453 3770 nihil,

450 3785 531 3856 huic
545 3793 790 3869 comparatum.
807 3785 903 3856 Istud
929 3807 1101 3856 venenum
1123 3808 1145 3856 a
1169 3787 1278 3870 Remy
1305 3786 1454 3869 quodum

552 4021 576 4074 1.
593 4018 694 4084 Laws,
712 4019 789 4084 -doia,
805 4037 854 4084 nn,
865 4021 953 4087 poetis
969 4035 1088 4088 nomm,
1103 4020 1244 4074 ueletiam
1266 4020 1322 4074 alia
1346 4019 1454 4085 llquldn

451 4103 598 4170 significat,
609 4102 678 4158 alias
691 4103 764 4156 idem
777 4110 857 4158 sonat
868 4110 954 4168 atque
967 4101 1073 4172 liquor,
1101 4101 1258 4171 liquidum,
1286 4103 1386 4169 quibus
1397 4119 1455 4172 pro

449 4192 509 4258 pter
521 4187 665 4256 vulgarem
677 4203 789 4244 sensum
803 4187 936 4242 utendum
948 4203 1004 4244 non
1025 4187 1153 4244 iudicavi.
