3500 5158
590 927 687 983 no
708 928 814 984 mcor
835 929 976 984 onvrnu
999 931 1088 986 urus
1274 911 1338 984 253

340 1101 394 1164 tor
407 1117 490 1166 suus
504 1097 629 1179 aliquid
645 1097 680 1166 in
695 1119 813 1167 aurem
828 1097 901 1168 eius
922 1099 1128 1181 susurravit;
1151 1106 1227 1168 turn
1249 1103 1338 1168 nutu

339 1217 495 1266 assensus
518 1197 554 1266 in
569 1198 757 1279 proximam
772 1220 894 1281 egeam
908 1198 1065 1271 diversus
1077 1207 1139 1282 est,
1155 1199 1339 1270 salutatore

339 1296 533 1366 comitante.

425 1413 633 1498 “Negotium
648 1415 843 1498 officiosum,
858 1415 931 1486 sine
946 1416 1080 1498 dubi0,”
1094 1416 1341 1499 interpretatur

340 1515 490 1596 serarius,
517 1515 577 1597 qui
602 1516 803 1585 eventulum
832 1517 936 1586 etiam
961 1516 1173 1587 observabat.
1206 1514 1341 1586 “Herus

341 1614 441 1697 Pigot
456 1637 497 1683 ex
513 1614 649 1698 optimis
663 1622 790 1685 nostrae
805 1615 951 1685 decuriae
966 1616 1122 1686 lictorum
1136 1623 1198 1698 est,
1214 1624 1250 1687 et
1264 1637 1341 1686 con·

340 1715 567 1784 versationem
581 1737 659 1785 cum
674 1737 715 1785 eo
729 1714 1008 1786 iucundissimum
1023 1717 1217 1798 comperies.
1239 1716 1341 1786 Haud

341 1815 484 1885 dubium
499 1817 583 1899 quin
597 1816 745 1898 negotiis
759 1837 839 1885 mox
854 1817 986 1886 solutus
1001 1817 1174 1898 prodeat.”

426 1931 556 2002 “Credo
570 1933 718 2016 quidem,
734 1933 798 2004 nisi
813 1935 904 2016 quod
919 1933 1050 2003 interea
1064 1933 1250 2017 dignissimi
1261 1955 1342 2017 quo

342 2052 409 2114 que
425 2033 537 2102 aemuli
554 2033 621 2102 mci
636 2033 792 2103 adfuturi
808 2033 907 2116 sint,”
928 2034 1103 2116 respondit
1118 2033 1270 2117 Godfrey
1285 2055 1342 2116 gc·

341 2131 531 2302 {Eusggctoso
555 2133 619 2204 “Hi
634 2132 781 2216 vestigia
795 2155 872 2204 mea
895 2141 1112 2216 premunt-
1127 2133 1209 2217 quin
1224 2141 1259 2203 et
1272 2134 1341 2204 iam

425 2349 560 2420 Vicenis
574 2349 707 2420 circiter
721 2350 863 2420 minutis
876 2350 1037 2433 proximis
1058 2349 1221 2420 relatores
1243 2357 1342 2419 caete-

343 2471 458 2518 rorum
476 2449 675 2519 diurnorum
690 2473 758 2519 non
774 2457 949 2520 cessarunt
961 2450 1111 2532 affluere,
1125 2457 1161 2520 et
1176 2471 1254 2520 mox
1269 2457 1343 2519 tota

342 2571 461 2619 eorum
476 2549 578 2620 turba
593 2551 760 2619 officinam
776 2549 886 2620 aerarii
901 2549 1131 2620 circumfudit.
1155 2551 1244 2620 Nam
1267 2551 1341 2620 fere

342 2649 387 2720 ab
402 2649 559 2719 omnibus
574 2650 704 2719 diumis
718 2650 839 2732 aliquis
854 2650 1005 2732 specialis
1020 2651 1146 2719 relator
1171 2650 1214 2718 ad
1241 2650 1343 2719 inter·

344 2749 522 2821 visendum
546 2751 668 2820 herum
694 2750 796 2833 Pigot
826 2751 977 2820 delectus
1003 2757 1086 2819 erat.
1120 2749 1342 2819 Manifestum

343 2851 435 2920 enim
460 2851 603 2934 parebat
626 2858 750 2921 cuncta
775 2851 898 2921 diurna
921 2850 1013 2920 hunc
1039 2857 1203 2919 eventum
1219 2851 1343 2920 summi

343 2951 474 3022 fecisse.
509 2951 650 3021 interim
677 2951 750 3021 ioca
775 2951 863 3020 bono
889 2951 1003 3019 animo
1023 2950 1248 3032 iactabantur,
1265 2951 1343 3021 dein

344 3052 465 3134 aliquis
480 3052 758 3121 mediastinorum
773 3051 918 3134 pecunia
932 3051 1215 3133 corrumpebatur
1228 3051 1271 3121 ad
1286 3073 1344 3120 no

344 3153 580 3222 menclatorias
603 3158 775 3234 congestae
796 3150 909 3220 turbae
933 3151 976 3220 ad
998 3150 1120 3220 herum
1138 3151 1237 3234 Pigot
1252 3151 1346 3222 defe-

344 3253 477 3334 rendas,
491 3259 528 3322 et
542 3252 793 3322 exauditionem
808 3259 974 3334 petentes.

428 3369 652 3440 Mediastinus
666 3369 779 3438 ridens
794 3369 955 3452 discessit,
970 3391 1050 3438 mox
1061 3375 1176 3438 tamen
1187 3390 1345 3438 reversus

345 3470 527 3540 nuntiabat
542 3471 664 3539 herum
679 3471 780 3552 Pigot
795 3469 911 3552 paucis
933 3469 1076 3539 minutis
1090 3468 1132 3539 ad
1148 3491 1206 3538 eos
1219 3469 1343 3551 excipi·

346 3570 450 3641 endos
465 3577 623 3654 paratum
638 3572 723 3641 fore.
746 3569 811 3640 Scd
827 3591 936 3652 quum
952 3570 1103 3653 quinque
1114 3569 1247 3640 minuta
1261 3591 1345 3652 pras

345 3671 550 3754 terivissent,
565 3693 628 3740 nec
643 3671 712 3753 ipse
724 3670 995 3753 comparuissset,
1011 3670 1045 3739 hi
1061 3669 1275 3752 impatientes
1285 3669 1346 3740 ite-

346 3795 422 3843 rum
438 3772 642 3842 tumultuari
655 3777 844 3854 coeperunt.
866 3770 926 3840 Isti
949 3771 1038 3840 enim
1061 3770 1170 3853 reguli
1196 3769 1280 3853 preli
1301 3771 1345 3841 ad

346 3872 612 3956 exspectandum
628 3871 736 3942 invito
750 3871 876 3941 assueti
891 3893 959 3940 non
975 3877 1065 3940 sunt

430 3989 584 4060 “Suadeo
598 3995 639 4059 ut
653 3987 689 4058 in
703 3994 816 4058 castra
840 3987 914 4058 eius
937 3987 1085 4070 impetus
1107 3986 1198 4070 fiat‚”
1220 3986 1346 4057 relator

347 4091 478 4160 Mundi
493 4089 583 4160 dicit.

431 4206 559 4277 Eodem
573 4207 648 4276 fere
663 4211 817 4289 tempore
838 4205 909 4288 ipse
934 4205 1038 4276 herus
1063 4205 1164 4288 Pigot
1188 4225 1347 4288 egressus
