3502 5158
405 845 448 917 56
666 857 875 913 ursmarum
896 855 1004 910 incra
1025 847 1144 908 noum

404 1028 638 1111 autumabam,
652 1026 750 1111 proin
764 1025 919 1097 celeriter
940 1021 1106 1094 descendi.
1129 1021 1198 1091 lllic
1213 1020 1327 1091 stabat
1342 1021 1405 1090 Ro-

404 1151 483 1214 gers
497 1129 533 1198 in
548 1127 689 1210 ambitu,
705 1126 802 1197 velut
818 1125 877 1208 qui
892 1129 1065 1208 spectrum
1079 1121 1223 1191 viderat.
1240 1121 1315 1204 Ipse
1330 1143 1405 1204 gra-

405 1230 485 1301 vius
499 1229 659 1314 spirabat,
674 1236 710 1298 et
724 1247 846 1296 versus
861 1225 952 1294 hunc
967 1225 1077 1294 locum
1096 1222 1244 1305 digitum
1258 1222 1407 1306 porrige·

405 1330 475 1412 bat,
490 1351 556 1413 ego
569 1327 765 1411 introspexi,
781 1326 919 1408 vidique
933 1324 1057 1394 herum
1068 1321 1215 1394 Vantine
1230 1320 1284 1392 bic
1298 1322 1406 1392 iaoen-

406 1436 479 1501 tem
494 1429 557 1476 -n

490 1529 567 1600 Vox
581 1528 655 1599 eius
668 1527 704 1596 in
719 1527 820 1597 fauce
834 1525 996 1606 haerebat,
1023 1529 1138 1593 tamen
1163 1529 1240 1607 post
1264 1544 1406 1606 pausam

406 1629 521 1700 effecit
536 1635 576 1699 ut
590 1627 757 1712 paulatim
772 1624 931 1710 prosequi
947 1629 1071 1708 posset.

493 1743 612 1816 “Tum
627 1766 688 1828 per
702 1743 923 1826 telephonum
938 1740 1099 1811 accersivi
1120 1739 1242 1810 herum
1257 1741 1407 1823 Lester,”

410 1845 570 1927 subdidit,
585 1843 643 1914 “et
656 1844 729 1914 haec
744 1849 797 1914 est
811 1863 945 1912 summa
967 1840 1118 1910 omnium
1133 1862 1212 1923 quae
1227 1840 1324 1910 sci0.”

495 1943 605 2015 “Satis
619 1945 702 2026 est‚''
718 1943 767 2013 ait
781 1942 906 2024 Grady.
929 1940 1033 2011 “Haec
1047 1961 1109 2024 pro
1133 1941 1294 2023 praesenti
1316 1940 1408 2012 suffi-

411 2045 511 2116 cient.
533 2044 632 2115 Mitte
647 2043 778 2126 Rogers
790 2042 911 2112 intro.”

496 2162 623 2233 Vultus
636 2160 767 2243 Rogers
780 2159 940 2229 conclave
954 2157 1113 2228 intrantis
1138 2157 1307 2241 stringore
1329 2181 1411 2242 quo-

413 2261 492 2332 dam
505 2281 561 2330 me
576 2259 700 2342 affecit,
717 2259 807 2342 quod
833 2257 1005 2328 hominem
1020 2257 1094 2327 fere
1110 2256 1272 2327 efflictum
1294 2258 1412 2342 prode

412 2361 483 2432 bat.
492 2359 603 2432 Homo
617 2359 688 2442 ipse
704 2365 778 2429 erat
789 2379 958 2428 annorum
972 2355 1106 2428 circiter
1119 2356 1411 2441 quinquagenum,

413 2461 482 2531 iam
496 2467 661 2542 canester,
675 2459 777 2529 vultu
792 2479 879 2541 raso,
901 2457 1102 2542 plerumque
1124 2479 1143 2527 e
1169 2457 1258 2527 bona
1283 2459 1413 2529 valetu-

415 2560 493 2630 dine
508 2558 706 2630 rubicundo.
729 2559 776 2628 At
790 2579 881 2627 nunc
896 2557 1003 2628 facies
1025 2565 1174 2627 suaerat
1188 2557 1300 2641 livida,
1315 2580 1413 2642 genae

414 2661 554 2731 sulcatae
567 2680 607 2729 ac
621 2659 801 2742 depressa
818 2657 906 2729 oculi
921 2657 1088 2741 sanguine
1112 2657 1235 2727 suffusi
1258 2665 1294 2728 et
1318 2658 1415 2729 haesi·

417 2765 540 2829 tantea
563 2758 658 2829 Intra
680 2759 841 2828 conclave
862 2757 975 2842 potius
1000 2756 1202 2828 volvebatur
1225 2779 1329 2841 quam
1354 2758 1415 2828 ita·

415 2858 486 2941 bat,
501 2864 606 2942 atque
631 2879 702 2928 una
726 2878 842 2940 manu,
863 2856 932 2928 acsi
954 2856 1114 2927 suffocari
1137 2857 1283 2940 timeret,
1298 2859 1414 2941 gulam

416 2957 602 3043 premebat.

501 3072 641 3144 “Praebe
670 3073 718 3144 illi
746 3073 863 3144 sellam
874 3073 903 3142 !''
932 3073 1028 3144 iubet
1054 3073 1179 3157 Grady‚
1203 3080 1308 3157 atque
1333 3074 1418 3145 Sim·

417 3173 539 3244 monds
553 3174 697 3258 protulit
720 3195 836 3256 unam,
860 3173 907 3244 illi
936 3174 1123 3258 supposuit,
1152 3174 1293 3258 ipseque
1321 3174 1418 3244 iuxta

417 3295 494 3344 eam
507 3273 669 3345 constitit
691 3271 824 3357 “Nunc,
839 3275 886 3343 mi
901 3274 1033 3357 homo,''
1048 3274 1162 3358 pergit
1191 3274 1315 3358 Grady,
1341 3273 1418 3345 “fac

419 3380 460 3444 ut
475 3381 510 3444 te
539 3395 729 3457 componas.
753 3373 894 3444 Interim
909 3381 1036 3457 tamen,
1053 3374 1134 3457 quid
1148 3375 1197 3444 rei
1212 3374 1256 3444 sit
1285 3376 1420 3458 eloque-

419 3473 475 3544 re!
496 3472 741 3556 Numquamne
756 3482 858 3544 antea
873 3474 1043 3544 hominem
1068 3480 1243 3543 mortuum
1257 3474 1372 3544 vidisti
1381 3473 1419 3544 ?''

502 3589 563 3661 “Id
577 3612 796 3674 nequaquam
810 3591 948 3674 refert,”
963 3591 1085 3661 halitat
1100 3590 1239 3674 Rogers.
1262 3589 1322 3661 “Id
1336 3590 1419 3660 nihil

420 3696 472 3762 est
486 3725 528 3735 —
542 3711 752 3773 quamquam
766 3689 937 3760 hominem
953 3711 1078 3761 caesum
1091 3690 1235 3761 antehac
1249 3690 1320 3761 vidi
1334 3713 1421 3760 nun·

420 3789 557 3874 quam.”

505 3904 616 3990 “Quid
624 3904 662 3976 ?''
676 3905 799 3976 acriter
813 3906 936 3990 quaerit
950 3907 1074 3992 Grady.
1110 3905 1227 3978 “Num
1252 3907 1347 3978 illum
1363 3907 1420 3978 ali.

421 4028 482 4077 um
496 4005 560 4076 hoc
574 4006 826 4090 postmeridiem
840 4029 910 4077 non
924 4007 1039 4078 vidisti
1048 4007 1085 4077 ?”

507 4121 578 4191 “Ea
591 4122 656 4193 alia
671 4145 726 4194 res
740 4124 824 4206 est,'’
838 4124 946 4207 gemit
961 4125 1100 4207 Rogers.
1122 4122 1233 4194 “Eum
1245 4145 1315 4194 non
1329 4124 1420 4195 novi.
