3554 5156
437 847 480 919 96
701 864 911 919 iussurum
932 863 1041 920 Arcu
1061 858 1180 920 soma

523 1030 682 1102 “Rectius
696 1033 829 1116 nemo‚’'
843 1033 959 1116 annui,
975 1031 1068 1103 “tam
1090 1034 1180 1104 clare
1206 1055 1249 1103 ne
1275 1033 1347 1116 ipse
1372 1033 1444 1117 qui·

440 1131 518 1201 dem
533 1132 617 1200 mibi
632 1133 822 1215 anteposui.
844 1132 954 1216 Perge
963 1132 992 1202 !”

523 1246 711 1319 “Convenit
725 1271 808 1331 ergo
823 1249 913 1319 inter
927 1249 1021 1333 nos,''
1049 1250 1267 1333 prosequitur
1281 1249 1442 1331 Godfrey,

439 1346 636 1431 “negotium
652 1349 741 1418 illius
755 1349 876 1419 Franci
890 1351 998 1432 ignoti
1019 1372 1099 1420 cum
1122 1349 1269 1420 Vantine
1295 1349 1443 1433 aliquem

439 1470 565 1517 nexum
582 1471 660 1518 cum
675 1449 741 1519 ista
756 1471 835 1518 arca
849 1449 1039 1519 habuisse.”

522 1564 619 1649 “lpse
634 1565 783 1636 Vantine
798 1565 847 1636 ita
860 1567 1029 1650 putavit,”
1051 1567 1233 1646 interpono
1248 1588 1323 1650 ego.
1346 1565 1443 1649 “lpse

438 1664 529 1734 enim
556 1665 638 1736 mihi
665 1674 783 1748 postea
809 1667 894 1736 dixit
920 1667 963 1736 ob
988 1666 1075 1737 hanc
1090 1667 1197 1750 ipsam
1212 1689 1285 1736 rem
1300 1689 1336 1736 se
1350 1666 1443 1736 hunc

439 1766 621 1836 convenire
636 1789 705 1836 non
721 1767 926 1837 recusasse.”

524 1881 717 1966 “Quadrati
739 1883 845 1953 Recta
859 1883 937 1953 hinc
952 1883 1056 1953 illatio
1072 1891 1124 1954 est
1138 1905 1200 1954 nos
1215 1905 1236 1953 a
1250 1905 1333 1954 vero
1348 1883 1441 1953 haud

441 1983 568 2052 abesse.
591 1983 778 2066 Negotium
790 2006 872 2066 ergo
889 1984 1009 2054 Franci
1025 1984 1068 2053 ad
1079 2006 1193 2054 arcam
1216 1984 1438 2066 forulumque

440 2085 613 2153 occultum
627 2083 804 2153 attinebat.
820 2083 918 2154 Solus
933 2083 1080 2167 relictus,
1096 2107 1210 2154 arcam
1228 2085 1264 2153 in
1279 2083 1442 2166 contiguo

439 2183 594 2253 cubiculo
609 2184 759 2253 conclavi
775 2183 998 2267 conspicatus,
1020 2185 1172 2254 forulum
1188 2185 1319 2268 aperire
1334 2190 1443 2253 tenta-

439 2284 501 2367 vit,
516 2283 653 2367 fuitque
669 2283 828 2354 occisus.”

524 2399 689 2471 “Prorsus
702 2401 782 2483 ita‚”
796 2401 947 2484 approbo
962 2423 1046 2484 ego;
1069 2399 1172 2484 “quid
1187 2423 1270 2471 vero
1291 2401 1334 2470 de
1355 2400 1444 2470 Van-

440 2501 511 2570 tine
525 2500 562 2572 ?”

524 2601 637 2672 “Mors
651 2602 800 2672 Vantine
815 2605 874 2671 vix
889 2609 962 2672 tam
976 2602 1076 2672 facile
1091 2603 1325 2684 explicabitur.
1341 2601 1442 2671 Haud

440 2702 587 2773 absurde
602 2701 849 2785 suspicabimur
863 2709 900 2771 et
914 2702 1091 2772 mulierem
1107 2703 1226 2772 eodem
1240 2701 1378 2784 negotio
1393 2723 1445 2770 ar·

440 2824 490 2871 cae
503 2802 643 2872 ductam
658 2801 801 2872 venisse.
828 2801 907 2885 Ipsa
932 2824 1069 2885 quoque
1094 2803 1267 2872 occultum
1291 2802 1443 2871 forulum

440 2901 577 2971 volebat
603 2901 744 2985 aperire,
770 2909 806 2971 et
831 2924 869 2971 re
893 2901 1017 2973 ibidem
1041 2903 1149 2972 celati
1175 2902 1275 2985 potiri
1296 2936 1329 2947 -—
1353 2901 1444 2984 quod

440 3001 578 3086 quidem
592 3009 726 3075 certum
740 3001 878 3071 videtur
892 3023 935 3072 ex
949 3001 1023 3072 eius
1037 3023 1116 3072 cum
1131 3001 1233 3085 priori
1244 3001 1378 3072 advena
1392 3002 1444 3070 fa·

440 3102 665 3172 miliaritate.''

524 3218 706 3303 “Usquene
721 3219 830 3289 credis
845 3219 918 3289 eius
933 3219 1041 3289 fuisse
1055 3219 1203 3302 effigiem
1219 3241 1324 3303 quam
1339 3219 1394 3289 ille
1409 3218 1443 3287 in

441 3319 649 3402 horoiogiolo
664 3319 769 3402 gessit
779 3320 815 3388 ?”

524 3418 584 3489 “Id
599 3441 660 3502 pro
676 3427 769 3488 certo
784 3419 861 3488 scio.
883 3417 949 3489 Sed
965 3420 1024 3502 qui
1038 3419 1159 3489 accidit
1174 3427 1216 3489 ut
1229 3419 1378 3489 Vantine
1392 3442 1445 3488 oc·

441 3519 633 3590 cideretur?
654 3520 748 3589 Num
760 3519 884 3589 mulier
896 3520 971 3589 fato
997 3518 1117 3602 prioris
1142 3519 1272 3588 monita
1296 3517 1445 3589 Vantine

440 3620 484 3690 ad
499 3619 703 3690 tentandum
718 3620 871 3688 forulum
886 3621 1042 3689 consulto
1057 3619 1239 3702 induxerit,
1254 3641 1297 3688 ne
1313 3618 1375 3688 sibi
1390 3639 1446 3702 pe·

441 3719 659 3791 riclitandum
686 3721 797 3790 esset?
832 3719 888 3788 An
903 3741 986 3789 vero
1001 3719 1075 3801 ipsa
1089 3740 1226 3802 quoque
1240 3720 1362 3802 ignara
1376 3741 1445 3788 me·

441 3819 659 3891 charismatis
683 3821 774 3892 fuit?
810 3819 1004 3890 Praesertim
1030 3841 1112 3890 vero
1136 3841 1217 3889 cum
1242 3841 1444 3890 suoeessune

440 3921 515 4004 ipsa
529 3941 584 3990 res
598 3919 634 3989 in
648 3941 729 3990 arca
742 3921 876 3990 clausas
890 3919 1132 3992 subduxerit?”

525 4035 652 4106 “Miror
666 4036 748 4119 quid
763 4058 843 4106 arca
856 4035 975 4118 celet,''
990 4035 1145 4106 curiosus
1160 4036 1304 4120 quaerito
1319 4059 1393 4120 ego.

526 4137 587 4220 “A,
603 4137 736 4208 utinam
751 4137 785 4206 id
801 4137 964 4208 sciremus
974 4136 1002 4206 !’'
