3536 5156
467 877 530 946 226
732 895 941 950 ursrrnruu
961 895 1070 950 rnen
1091 888 1209 950 nourr

464 1061 595 1131 interea
611 1062 804 1145 meditatus,
821 1062 904 1133 dum
921 1085 985 1146 ego
1005 1063 1081 1133 fixis
1104 1063 1209 1134 oculis
1234 1083 1370 1133 mecum
1391 1082 1468 1133 con·

466 1162 666 1244 templabar.

550 1259 769 1344 “Equidem”
784 1263 851 1332 fari
867 1263 1013 1346 denique
1038 1263 1160 1347 pergit,
1176 1261 1265 1332 “iam
1279 1284 1372 1332 nunc
1385 1283 1467 1345 pau·

466 1361 568 1444 lisper
582 1363 713 1432 somnia
728 1364 859 1445 poetica
873 1364 1035 1447 effingere
1059 1384 1210 1447 pergam.
1237 1362 1317 1433 Mox
1339 1361 1382 1432 ad
1406 1362 1467 1431 mi-

466 1483 545 1531 rum
561 1469 661 1531 tuum
677 1463 825 1533 amicum
840 1464 1005 1546 Armand,
1037 1472 1078 1533 ut
1107 1485 1187 1533 eum
1210 1463 1342 1532 interea
1364 1462 1467 1532 etiam

466 1582 564 1644 aeque
580 1561 627 1632 sic
641 1563 849 1646 appellemus
864 1565 952 1646 licet,
967 1571 1191 1633 revertemur.
1215 1564 1282 1633 lste
1304 1569 1396 1632 certe
1410 1561 1468 1632 ho·

466 1683 522 1731 mo
538 1669 662 1744 praeter
677 1671 878 1734 consuetum
894 1665 1047 1734 ordinem
1062 1663 1144 1733 est.’'

551 1760 665 1832 “Nihil
679 1763 721 1832 de
735 1763 799 1834 hoc
814 1764 963 1846 dubito,''
979 1764 1047 1834 dixi
1062 1784 1229 1833 assensus

552 1860 646 1944 “Ego
660 1885 742 1932 vero
757 1863 842 1932 nihil
854 1864 919 1932 nisi
935 1871 1098 1946 repetere,
1114 1884 1192 1946 quae
1206 1863 1273 1931 iam
1298 1870 1400 1932 antea
1420 1861 1468 1931 di-

466 1963 512 2043 xi,
530 1982 618 2044 queo
633 1998 675 2007 -
689 1969 730 2031 ut
745 1986 821 2032 mea
835 1964 905 2032 fert
920 1963 1042 2046 opinio,
1058 1963 1129 2046 ipse
1145 1963 1300 2046 princeps
1325 1969 1378 2031 est
1399 1983 1467 2030 om-

465 2061 563 2131 nium
577 2062 679 2132 huius
693 2063 759 2132 aevi
772 2064 1064 2134 malefactorum.”

551 2161 606 2232 “Si
622 2163 694 2245 ipse
709 2165 764 2232 vel
779 2163 927 2233 maxime
942 2164 1142 2234 malefactor
1167 2170 1229 2245 est,
1243 2169 1336 2233 certe
1351 2167 1404 2231 est
1419 2161 1467 2230 in-

466 2261 604 2344 signis?
619 2284 777 2332 assensus
792 2263 959 2346 respondi.
980 2262 1048 2332 “At
1071 2263 1204 2332 difficile
1225 2260 1308 2330 mihi
1334 2261 1466 2331 creditu

466 2369 519 2429 est
533 2383 612 2431 eum
627 2363 881 2433 malefactorem
896 2385 979 2433 esse.
1001 2364 1091 2433 Nam
1112 2363 1288 2432 hominum
1303 2361 1465 2443 omnium,

467 2482 568 2542 quem
585 2483 738 2544 unquam
753 2463 906 2546 conveni,
922 2463 950 2533 is
965 2463 1173 2532 cultissimus
1187 2462 1269 2532 est.”

550 2559 632 2629 “Est
647 2561 776 2644 utique.
799 2563 843 2631 Et
859 2563 902 2632 ob
917 2563 951 2632 id
967 2569 1019 2632 est
1034 2561 1249 2645 perniciosus.
1266 2560 1466 2630 Maleiactor

466 2661 608 2742 ignarus
632 2683 809 2744 nunquam
835 2669 887 2732 est
912 2663 1118 2746 perniciosus
1142 2697 1183 2708 -
1212 2661 1395 2744 ergastula¹
1412 2659 1465 2729 bis

464 2760 592 2842 ignaris
607 2762 884 2832 malefactoribus
905 2769 1047 2833 scatent.
1079 2763 1126 2832 At
1148 2762 1258 2832 cultos
1283 2766 1319 2830 et
1344 2760 1465 2842 politos

464 2861 604 2930 caveris.
627 2861 676 2931 Ut
691 2863 767 2945 quis
782 2863 981 2932 malefactor
995 2862 1138 2945 insignis
1163 2860 1297 2943 evadat,
1321 2861 1464 2930 faculta-

464 2961 557 3031 tibus
571 2963 700 3032 eniteat
715 2969 859 3046 oportet,
874 2963 921 3031 mi
938 2963 1089 3032 Lester.”

548 3060 632 3131 “Ast
646 3084 708 3131 cur
723 3063 903 3146 quisquam
919 3064 1055 3133 dotibus
1068 3063 1170 3132 animi
1186 3061 1350 3144 praeditus
1363 3061 1465 3130 male·

466 3162 575 3231 lactor
589 3163 723 3245 evadat,
739 3185 865 3246 quaero.
887 3163 921 3234 si
937 3184 1000 3246 par
1021 3167 1066 3233 sit
1091 3170 1226 3247 quaestu
1251 3161 1395 3231 honesto
1415 3161 1465 3230 vi·

463 3269 559 3331 ctum
573 3265 707 3346 mereri,
721 3284 783 3333 cur
797 3263 998 3333 inhonestus
1012 3264 1086 3333 fieri
1101 3262 1239 3333 malitl'’

548 3361 645 3432 “Prae
659 3363 817 3433 omnibus
832 3365 905 3433 aliis
916 3363 1067 3447 plerique
1078 3364 1314 3433 malefactores
1329 3361 1464 3431 elibera

464 3463 651 3546 voluntate,
667 3487 735 3533 non
750 3486 793 3533 ex
808 3465 1010 3534 necessitate
1025 3464 1114 3533 fiunt
1135 3463 1392 3544 malefactorcs;
1407 3461 1465 3530 ho-

463 3563 590 3633 minem
603 3565 736 3634 cultum
750 3565 833 3634 vitae
847 3586 957 3648 genus
978 3564 1185 3634 concitatum
1200 3586 1240 3633 eo
1255 3565 1402 3645 allectat,
1423 3568 1463 3631 ut

463 3664 656 3747 plurimum.
680 3665 894 3748 Unquamne,
909 3665 956 3734 mi
971 3666 1100 3748 Lester,
1122 3672 1237 3734 tecum
1260 3663 1462 3747 reputavisti

563 3851 587 3902 1.
605 3848 810 3915 Erpoatnlum,
827 3848 859 3912 -a',
880 3849 1042 3903 vocabulum
1060 3849 1300 3908 Gnaeo-Latinum.
1321 3845 1462 3913 significat

464 3939 555 3986 autem
570 3949 703 3986 carcerem
717 3933 941 3990 emendatorium.
963 3932 993 3985 in
1017 3938 1151 3999 quantum
1169 3931 1272 3998 captivi
1289 3931 1346 3983 illic
1371 3929 1463 3983 arduis

463 4017 600 4070 laboribus
613 4017 805 4078 exercitantur,
819 4033 873 4082 quo
887 4017 918 4068 tit
930 4022 977 4070 aut
991 4015 1130 4082 opificium
1147 4016 1281 4082 quoddam
1298 4014 1367 4067 utile
1390 4013 1464 4066 addi-

463 4106 550 4161 scant,
563 4116 617 4166 quo
631 4099 753 4154 libertati
766 4101 888 4153 restituti
902 4101 988 4153 vitam
1001 4100 1098 4155 utilem
1109 4115 1141 4155 ac
1152 4099 1322 4154 fructuosam
1335 4097 1464 4167 deinceps

463 4185 561 4240 ducere
572 4189 682 4256 queant.
