3554 5156
391 893 454 962 148
648 907 858 963 msrumrm
879 906 985 961 mom
1006 899 1125 960 soum

468 1075 620 1158 Godtrey
634 1097 671 1145 se
686 1074 896 1158 proclinavit,
911 1073 1133 1144 Homblower
1143 1079 1260 1143 autem
1275 1074 1388 1144 suavi·

384 1182 438 1246 ter
452 1176 486 1245 in
502 1198 580 1245 eum
597 1175 754 1245 renidens
766 1176 863 1244 illum
877 1174 1018 1258 excepit.

467 1275 562 1345 “Nisi
578 1275 758 1359 prudentia
772 1275 845 1345 heri
869 1274 1021 1355 Godfrey
1043 1273 1125 1343 mihi
1150 1273 1386 1356 probatissima

385 1382 484 1458 esset,
499 1398 579 1445 eum
593 1381 634 1446 ut
649 1382 772 1445 testem
787 1375 1009 1457 recusarem,”
1031 1375 1128 1443 fatur
1152 1373 1386 1456 Homblower,

389 1475 469 1546 “sed
484 1499 525 1545 ea
538 1477 620 1545 mihi
634 1476 703 1545 iam
718 1474 924 1559 experientia
948 1479 1091 1556 constat,
1106 1495 1168 1543 nec
1181 1495 1237 1543 me
1263 1474 1388 1544 falsum

386 1577 546 1660 inprobe
567 1576 679 1646 novi.”

468 1675 589 1746 “Unus
603 1675 736 1745 nonnisi
752 1682 804 1745 est
819 1675 875 1745 cui
897 1675 1027 1744 ratione
1054 1673 1246 1758 prudentiae
1260 1681 1296 1745 et
1310 1696 1388 1744 con·

385 1777 522 1845 stantiae
537 1775 681 1846 libenter
695 1775 847 1859 cedam,''
874 1775 1048 1859 respondit
1072 1774 1225 1856 Godfrey
1250 1775 1285 1844 in
1306 1796 1387 1845 eum

384 1876 552 1958 renidens,
568 1875 617 1946 “is
631 1884 748 1946 autem
763 1883 816 1945 est
830 1875 1062 1945 Homblower.
1085 1876 1161 1958 lpse
1175 1875 1315 1944 classem
1326 1897 1388 1959 per

385 1999 420 2046 se
436 1976 498 2045 sibi
514 1977 686 2059 propriam
701 1976 834 2046 efficit.”

467 2075 615 2146 “Multas
629 2076 690 2145 tibi
706 2077 819 2146 refero
834 2075 993 2159 gratias?
1008 2075 1195 2146 advocatus
1205 2076 1387 2159 respondet

384 2177 537 2259 graviter
552 2177 768 2260 proclinatus.

470 2277 611 2346 Interim
627 2276 709 2345 dum
723 2275 779 2345 hae
793 2275 973 2345 civilitates
986 2277 1078 2345 ultro
1093 2276 1246 2358 citroque
1270 2275 1388 2346 misce·

384 2376 521 2458 bantur,
537 2376 669 2459 mulier,
685 2397 787 2459 quam
802 2376 957 2446 ancillam
971 2375 1210 2458 indicaveram,
1226 2375 1388 2459 consedit,

385 2477 465 2546 acsi
482 2477 585 2560 pedes
599 2498 676 2546 eam
692 2476 859 2546 sustinere
886 2482 1092 2558 recusarent,
1108 2497 1298 2558 manusque
1313 2497 1389 2546 ner·

385 2598 466 2646 vose
478 2576 677 2660 torsitabat;
700 2578 754 2646 vel
770 2577 843 2658 ipsa
858 2575 943 2646 adeo
957 2576 1040 2645 hera
1055 2597 1118 2645 sua
1133 2576 1207 2645 eius
1221 2576 1270 2646 rei
1284 2576 1387 2647 taedio

384 2676 471 2746 affici
487 2676 679 2746 videbatur.

469 2775 578 2846 “Arca
593 2777 648 2846 hic
663 2778 757 2846 intus
771 2777 855 2859 est,”
870 2777 1010 2860 eloquor
1024 2798 1099 2859 ego,
1111 2783 1216 2860 atque
1230 2785 1388 2848 matrona

385 2877 500 2947 velata
514 2876 651 2961 duoque
666 2877 731 2947 vin'
747 2898 788 2946 eo
802 2900 857 2946 me
873 2877 1115 2960 sequebantur.

469 2977 558 3046 Arca
573 2977 608 3046 in
625 2976 736 3046 medio
750 2977 905 3047 cubiculo
916 2977 1029 3047 stabat
1040 2999 1179 3060 prorsus
1189 2977 1308 3048 eodem
1318 3001 1390 3049 mo·

385 3076 430 3146 do
453 3083 493 3146 ut
518 3077 615 3147 fatali
640 3099 681 3146 ea
706 3083 816 3159 nocte,
846 3077 1026 3160 omniaque
1056 3077 1184 3147 lumina
1212 3076 1387 3148 ardebant.

387 3176 468 3246 Mihi
483 3177 626 3246 intranti
641 3177 834 3248 manutium
848 3176 1062 3260 chalybeium
1074 3177 1224 3260 Godfrey
1235 3178 1300 3248 sub
1311 3200 1389 3248 ocu-

387 3277 437 3346 los
451 3275 581 3346 cecidit.
815 3283 817 3290 ’

471 3374 598 3446 “Estne
619 3376 685 3446 ista
706 3398 789 3446 vera
811 3375 868 3446 illa
893 3399 981 3459 arca,
1005 3399 1083 3447 mea
1107 3377 1200 3447 Hera
1208 3376 1245 3448 ?”
1271 3399 1388 3462 quaero

386 3498 452 3559 ego

470 3577 682 3646 Momentum
697 3577 861 3659 temporis
875 3577 1169 3660 contemplabatur
1182 3600 1269 3662 eam,
1278 3579 1389 3649 mani-

388 3677 453 3747 bus
467 3676 511 3746 ad
526 3684 645 3760 pectus
660 3676 783 3759 pressis
794 3682 829 3746 et
844 3677 980 3746 stn'ctis.

468 3775 552 3846 “Est
561 3775 590 3844 !’'
606 3776 945 3859 respondithalitans,
957 3799 1121 3861 paeneque
1133 3800 1211 3847 cum
1223 3779 1386 3863 singultu.

469 3875 594 3945 Fateor
608 3898 664 3945 me
685 3878 919 3960 stupefactum
944 3898 1026 3947 esse.
1048 3878 1235 3962 Nunquam
1260 3880 1388 3951 credidi

386 3999 461 4044 eam
484 3977 593 4060 ipsam
619 3997 737 4046 veram
763 3998 856 4058 esse;
877 3976 945 4046 imo
971 3999 1014 4047 ne
1037 3979 1138 4048 modo
1153 3979 1291 4063 quidem
1305 3980 1388 4050 mihi

384 4075 589 4159 persuadere
603 4082 757 4159 poteram
773 4077 1062 4160 quemadmodum
1073 4079 1146 4162 ipsa
1157 4078 1276 4149 eadem
1287 4087 1387 4152 esset.

452 4169 632 4247 “‘Certene
647 4175 709 4247 tibi
723 4183 857 4247 constat
867 4175 904 4248 l”
918 4177 1114 4250 incredulus
1128 4179 1282 4262 quaesivi
