3500 5158
457 910 520 980 268
722 927 930 983 uvsrunruu
951 928 1058 982 enom
1079 922 1197 983 auum

542 1093 589 1166 Ut
609 1094 673 1165 illic
696 1095 781 1164 mihi
804 1117 824 1165 e
847 1096 984 1179 regione
1007 1095 1120 1166 stabat
1145 1096 1272 1167 lumine
1286 1097 1458 1180 perfusus,

458 1194 580 1264 licebat
593 1195 677 1264 mihi
692 1196 792 1265 modo
808 1197 999 1266 accuratius
1013 1196 1118 1267 oculis
1132 1198 1339 1279 perlustrare
1354 1217 1459 1280 quam

458 1294 493 1363 id
519 1294 553 1364 in
578 1295 659 1364 navi
684 1296 817 1365 efficere
842 1303 1030 1380 potueram,
1056 1297 1153 1380 proin
1170 1296 1365 1379 diligentius
1378 1317 1458 1366 eum

458 1394 583 1478 aspexi.
606 1397 735 1466 Verum
748 1395 818 1479 ipse
833 1403 955 1481 typum
970 1397 1090 1466 Franci
1105 1397 1343 1466 exhibebat-
1357 1398 1459 1466 vultu

460 1494 603 1565 strictim
617 1517 703 1577 raso,
719 1497 916 1579 sulcatoque
931 1497 966 1566 in
992 1497 1068 1567 alba
1091 1497 1162 1567 cuti
1188 1495 1413 1567 subtilissimis
1423 1496 1460 1566 li-

459 1597 657 1678 ueamentis,
672 1596 759 1666 oculi
774 1603 891 1666 autem
907 1596 1104 1666 densissimo
1119 1604 1155 1666 et
1168 1596 1341 1667 uberrimo
1362 1603 1460 1666 erant

460 1694 636 1778 supercilio
660 1696 863 1779 obumbrati,
887 1696 996 1780 capilli
1021 1704 1138 1766 autem
1164 1698 1239 1767 fere
1263 1697 1335 1766 cuti
1359 1704 1461 1767 tenus

460 1795 558 1876 tonsi,
572 1795 708 1865 candori
723 1797 841 1866 vultus
855 1796 1009 1866 albedine
1031 1818 1136 1880 prope
1158 1818 1257 1880 pares
1270 1804 1379 1866 erant.
1401 1796 1460 1865 At·

460 1894 647 1965 tentionem
670 1902 786 1965 tamen
809 1918 921 1966 meam
945 1897 1134 1979 praesertim
1156 1897 1283 1980 species
1306 1897 1375 1966 oris
1399 1896 1462 1966 sibi

460 1994 702 2065 vindicavit-
716 2003 837 2078 utpote
848 1996 972 2066 subtile
983 1997 1083 2066 simul
1098 2003 1134 2066 et
1149 1997 1309 2080 lepidum,
1324 1996 1460 2066 tametsi

461 2095 573 2178 paullo
589 2095 726 2178 largius,
741 2096 904 2178 labiisque
920 2097 1135 2180 plenioribus,
1150 2096 1362 2166 fortitudinis
1376 2097 1458 2166 indi-

460 2195 529 2277 ciis,
544 2217 605 2277 pro
619 2202 802 2265 venustate
817 2203 932 2265 tamen
948 2218 1017 2266 non
1043 2197 1164 2266 nimiis.
1196 2197 1382 2280 Sexaginta
1402 2218 1460 2266 an·

463 2317 586 2364 norum
601 2295 713 2364 aetatis
727 2318 807 2365 eum
821 2317 894 2366 esse
908 2297 1106 2379 coniectavi,
1121 2305 1156 2366 et
1167 2296 1316 2380 'speciem
1331 2297 1459 2380 praebe-

462 2395 521 2464 bat
555 2395 710 2478 hominis,
742 2395 801 2478 qui
826 2404 970 2466 centena
1003 2403 1165 2480 expertus
1190 2398 1235 2466 sit
1260 2396 1461 2478 discrimina,

462 2495 545 2578 quin
569 2495 672 2564 animi
698 2496 896 2578 aequitatem
924 2496 1082 2568 exuisset.
1120 2497 1157 2566 ld
1186 2502 1279 2566 certe
1304 2498 1463 2566 tacturus

463 2617 555 2664 nunc
570 2616 639 2663 non
655 2601 738 2664 erat.

547 2693 716 2764 “Historia
730 2716 752 2764 a
766 2717 821 2765 me
835 2717 915 2764 mox
937 2696 1141 2780 recitanda,”
1166 2696 1341 2766 exorditur
1361 2701 1463 2766 cauta

463 2795 679 2876 Anglicitate‚
695 2796 809 2865 verbis
823 2796 967 2866 subinde
992 2796 1118 2879 carptis
1132 2819 1171 2866 ac
1186 2796 1326 2881 putatis,
1350 2794 1463 2866 “arcte

462 2917 551 2964 nexa
580 2901 633 2963 est
657 2916 740 2964 cum
769 2896 865 2965 furto
887 2896 1183 2966 celeberrimorum
1205 2896 1463 2966 Michaelovitch

464 2995 694 3065 adamantum.
717 2995 891 3065 Eventum
905 2996 996 3065 torte
1011 2997 1175 3066 memoria
1189 2997 1345 3066 tenetis”

547 3094 622 3176 Ego
647 3095 800 3178 proiecto
823 3095 909 3164 bene
932 3096 1081 3179 memini,
1110 3119 1190 3166 nam
1220 3098 1356 3166 furtum
1381 3096 1464 3166 illud
1569 3082 1570 3088 ἵ

464 3201 561 3264 tauto
576 3195 731 3264 acumine
746 3203 820 3264 erat
835 3204 1036 3279 conceptum
1051 3204 1086 3266 et
1101 3197 1263 3266 ellectum
1272 3205 1370 3268 tauta
1384 3197 1463 3266 dex-

464 3295 612 3376 teritate,
639 3295 780 3364 audacia
802 3317 842 3365 ac
877 3295 1078 3378 pernicitate
1103 3297 1138 3366 in
1162 3297 1401 3380 singularibus,
1423 3303 1465 3367 ut

464 3394 568 3463 animi
582 3395 807 3463 attentionem
822 3395 888 3464 mei
903 3417 1042 3478 prorsus
1057 3396 1244 3466 devinciret
1259 3433 1300 3442 -
1315 3404 1356 3467 ut
1371 3397 1414 3466 de
1423 3417 1465 3466 ea

465 3517 581 3564 rerum
605 3494 870 3577 circumstantia,
897 3497 999 3578 quod
1017 3497 1192 3579 congeries
1219 3497 1465 3567 formosissima

465 3595 686 3665 adamantum
708 3594 824 3677 Magni
840 3595 944 3665 Ducis
965 3595 1137 3666 Michaelis
1160 3597 1359 3666 Russiarum
1381 3597 1466 3666 fuis·

465 3701 527 3776 set,
557 3694 655 3777 plane
685 3701 816 3762 taceam
845 3729 886 3739 -
916 3695 985 3778 qui,
1010 3696 1101 3778 quod
1125 3696 1215 3767 domi
1240 3697 1333 3766 haud
1348 3697 1464 3780 magni

465 3796 573 3876 lieret,
588 3801 624 3863 et
638 3793 741 3863 etiam
757 3793 849 3876 quod
874 3803 979 3878 caput
1003 3795 1154 3867 Franciae
1179 3796 1373 3866 hominibus
1393 3819 1466 3867 suae

466 3894 586 3964 indolis
600 3893 752 3977 apprime
766 3895 974 3977 conveniret,
991 3895 1127 3965 Parisiis
1141 3897 1288 3978 degebat
1302 3897 1409 3966 vitam
1424 3933 1466 3942 -

466 4016 545 4077 quae
559 3993 734 4075 congeries
742 3993 833 4063 haud
843 3995 982 4064 minoris
991 4017 1093 4078 quam
1102 4003 1263 4066 octonum
1278 3996 1465 4066 millionum

466 4093 700 4164 aestimabatur
715 4094 923 4162 francorum.

551 4191 718 4262 “Furtum
732 4193 850 4276 illud,''
859 4194 1130 4278 prosequebatur
1139 4196 1243 4266 herus
1254 4195 1363 4280 Pigot,
1373 4195 1467 4268 “tau-
