3500 5158
448 869 511 941 270
710 887 918 942 ursrnmun
940 886 1046 942 nncn
1067 879 1187 942 nouos

449 1057 541 1126 nulla
556 1057 591 1126 in
606 1056 753 1140 Europae
768 1063 865 1140 parte
881 1056 936 1126 vel
951 1077 1060 1126 unum
1084 1077 1203 1126 eorum
1225 1055 1450 1126 adamantum

449 1157 658 1226 venumdare
689 1177 795 1240 posse.
822 1155 909 1226 Hinc
939 1155 1194 1238 suspicabamur
1222 1156 1383 1225 futurum
1408 1159 1450 1222 ut

448 1256 526 1338 huc,
540 1256 575 1324 in
590 1256 793 1337 Americam,
809 1279 867 1326 eos
882 1257 1111 1325 translaturus
1132 1261 1231 1337 esset,
1249 1261 1285 1324 et
1299 1254 1375 1324 ideo
1389 1275 1448 1323 ve-

448 1361 559 1426 strum
573 1357 721 1425 officium
737 1355 926 1440 portorium
942 1355 983 1426 de
998 1377 1039 1424 eo
1053 1355 1258 1425 edocuimus
1282 1353 1449 1424 Scivimus

448 1455 575 1525 etenim
590 1478 687 1538 posse
702 1478 783 1524 eum
798 1455 852 1525 hic
867 1477 985 1525 omnes
999 1454 1207 1536 adamantes,
1225 1454 1364 1538 dempto
1378 1475 1447 1522 ma·

448 1555 548 1631 ximo.
564 1555 668 1624 etiam
683 1555 803 1625 cariori
819 1576 922 1638 quam
945 1555 981 1624 in
996 1554 1133 1637 Europa
1147 1554 1265 1637 pretio,
1289 1575 1328 1624 ac
1349 1575 1447 1636 paenc

448 1655 520 1725 sine
535 1654 603 1725 ullo
618 1655 767 1725 vendere
782 1655 940 1738 periculo.
964 1654 1022 1724 Uti
1038 1653 1135 1724 nobis
1160 1675 1446 1737 persuaseramus,

447 1777 528 1825 eum
543 1755 586 1825 ab
601 1755 693 1824 omni
708 1755 857 1838 emporio
870 1755 1122 1826 interclusimus
1147 1789 1188 1799 -
1214 1775 1323 1837 quum
1345 1752 1449 1836 proti-

447 1877 514 1925 nus
527 1856 632 1925 oculis
646 1855 770 1925 nostris
785 1877 821 1925 se
836 1855 1010 1925 subduxit.

531 1953 645 2024 “Binis
655 1954 732 2024 dein
743 1954 940 2038 septimanis
952 1955 1034 2024 nihil
1046 1952 1447 2026 deeoexaudiebatur-

447 2061 523 2123 tum
537 2055 633 2124 fama
648 2054 690 2123 de
704 2055 769 2124 isto
785 2056 916 2124 Drouet
931 2054 975 2124 ad
989 2076 1052 2123 nos
1067 2055 1197 2136 perlata
1211 2060 1275 2136 est,
1299 2059 1446 2136 punctu-

448 2157 486 2222 ra
514 2155 550 2222 in
579 2175 684 2223 manu
713 2154 919 2237 interempti.
958 2154 1136 2237 Extemplo
1162 2153 1385 2236 cognovimus
1410 2152 1444 2222 id

447 2275 533 2335 opus
546 2253 715 2323 Crochard
731 2253 848 2335 luisse,
862 2275 942 2322 nam
956 2253 1027 2336 ipse
1049 2254 1140 2323 solus
1164 2253 1253 2322 inter
1276 2253 1374 2322 vivos
1393 2275 1446 2322 co·

446 2353 567 2435 gnovit
582 2359 751 2423 secretum
764 2353 888 2422 venem
901 2353 1091 2422 familiaede
1101 2353 1247 2422 Medicis
1259 2353 1320 2422 Est
1328 2359 1446 2422 autem

446 2453 529 2522 illud
544 2460 714 2523 secretum
729 2451 888 2536 terribile,
903 2454 1001 2523 cuius
1015 2475 1117 2523 usum
1131 2453 1167 2522 in
1189 2459 1262 2522 tota
1285 2475 1348 2523 sua
1372 2453 1445 2522 vita

446 2553 549 2622 semel
564 2559 701 2623 tantum
715 2553 805 2636 cepit
819 2589 859 2598 -
875 2560 910 2622 et
923 2553 986 2623 hoc
1001 2552 1184 2623 adversum
1199 2552 1370 2622 hominem
1385 2553 1444 2636 qui

447 2674 526 2721 eum
542 2653 767 2736 prodiderat.”

531 2755 644 2822 Herus
660 2753 760 2836 Pigot
783 2752 837 2822 hic
860 2753 1030 2836 paulisper
1050 2752 1211 2834 constitit,
1234 2773 1444 2835 manumque

446 2874 507 2934 per
521 2853 671 2922 frontem
686 2851 919 2936 praeterduxit.

530 2950 638 3035 “Quid
669 2951 759 3021 inter
785 2951 953 3022 Crochard
983 2952 1182 3036 Drouetque
1206 2953 1444 3033 intercesserit,

446 3051 633 3134 perspicere
649 3073 717 3120 non
733 3053 958 3134 poteramus,”
984 3053 1201 3136 prosequitur
1215 3053 1320 3122 herus
1332 3053 1442 3135 Pigot.

446 3149 598 3220 “Drouet
612 3151 749 3234 quidem
765 3151 965 3234 popinarum
981 3159 1055 3222 erat
1079 3152 1214 3234 assecla,
1236 3173 1305 3222 non
1327 3160 1442 3222 tamen

445 3252 652 3320 malefactor.
674 3251 765 3320 Tum
779 3252 874 3320 fama
887 3251 1006 3322 mortis
1020 3252 1135 3334 Morel‚
1158 3252 1303 3322 hominis
1317 3253 1444 3323 nullius

444 3351 567 3433 frugis,
589 3350 809 3433 percrebruit,
833 3351 868 3419 in
892 3351 1079 3421 tentamine
1105 3351 1168 3422 hac
1193 3373 1271 3422 arca
1286 3352 1441 3436 potiundi

445 3451 554 3531 occisi,
565 3473 672 3533 quum
681 3473 753 3520 rem
768 3451 954 3533 perspicere
969 3452 1143 3534 coepimus
1154 3452 1234 3522 Post
1242 3452 1315 3522 haec
1326 3452 1368 3522 de
1380 3453 1444 3522 ista

444 3572 523 3620 arca
545 3550 704 3620 sciscitari
729 3551 911 3634 coepimus;
941 3551 1135 3621 audivimus
1158 3551 1232 3622 eius
1253 3551 1440 3634 historiam,

445 3650 555 3732 deque
568 3650 642 3720 eius
656 3657 829 3720 structura
844 3657 983 3734 secreta,
999 3650 1090 3721 unde
1106 3651 1199 3721 licuit
1209 3651 1306 3722 nobis
1315 3651 1442 3736 aliquid

445 3751 528 3820 certi
541 3751 750 3820 concludere.
772 3749 826 3820 Ad
851 3751 914 3821 hoc
936 3774 1019 3835 ergo
1045 3751 1300 3835 explorandum,
1321 3759 1440 3822 utrum

444 3851 614 3921 conclusio
638 3851 917 3935 nostravaleret,
941 3851 1107 3935 firmoque
1129 3852 1297 3923 niteretur
1318 3853 1440 3924 funda-

445 3956 570 4033 mento,
585 3951 620 4020 in
634 3972 738 4021 causa
751 3957 825 4020 erat
840 3973 946 4034 quare
969 3975 1032 4036 ego
1058 3952 1093 4022 in
1118 3953 1309 4023 Americam
1333 3953 1443 4024 venis·

446 4050 549 4122 sem),

529 4147 718 4234 “Quaenam
748 4172 831 4235 ergo
856 4152 1024 4222 conclusio
1045 4159 1096 4224 est
1105 4152 1141 4222 ?’'
1171 4153 1294 4237 quaerit
1318 4154 1444 4238 Grody,
