3554 5156
709 924 999 980 namomnonns
1312 909 1354 980 99

352 1092 456 1162 foruli
489 1114 577 1163 arcae
599 1094 765 1164 Matronae
785 1093 827 1163 de
850 1094 1061 1176 Montespan‚
1086 1093 1144 1162 sed
1166 1091 1354 1176 praeprimis

353 1192 425 1275 ipse
451 1194 548 1263 novit
572 1201 741 1264 secretum
767 1193 948 1263 veneni-
962 1193 1086 1263 veneni
1107 1193 1355 1264 Mediceorum!

354 1292 509 1375 Capisne‚
523 1294 570 1362 mi
586 1293 715 1376 Lester‚
732 1295 851 1377 quanti
867 1294 930 1364 hoc
946 1294 990 1363 sit
999 1293 1035 1362 ?’'

437 1391 558 1477 “Quid
573 1393 712 1463 tandem
721 1394 758 1464 ?”
774 1395 927 1477 quaesivi,
943 1394 1034 1477 quod
1050 1393 1202 1478 Godfrey
1215 1416 1270 1463 me
1286 1393 1354 1463 iam

353 1494 546 1576 superabat.

439 1592 532 1663 “Hoc
548 1594 720 1665 indicatur
735 1594 903 1678 insignem
917 1617 997 1664 eum
1015 1616 1087 1664 esse
1102 1595 1357 1664 malefactorem

356 1729 394 1740 -·
411 1716 531 1764 revera
546 1695 725 1778 egregium
740 1695 995 1765 malefactorem
1017 1730 1059 1739 —
1081 1695 1196 1776 talem,
1221 1695 1357 1778 qualem

355 1795 480 1864 scelera
495 1795 588 1864 nulla
603 1797 720 1865 latent.
742 1795 987 1864 Animadverte
1001 1795 1055 1864 sis.
1092 1796 1126 1864 ls
1148 1795 1240 1864 solus
1261 1795 1357 1864 novit

355 1902 524 1964 secretum
540 1895 618 1964 huis
633 1896 772 1978 veneni;
795 1917 886 1965 unus
900 1917 1041 1964 suorum
1055 1917 1197 1978 gregem
1223 1895 1358 1976 deserit,

355 1995 580 2077 proditionem
595 2018 692 2065 suam
707 1996 779 2066 vitri
794 1996 867 2065 luit.
890 1996 949 2065 Ille
964 2002 1017 2064 est
1040 2017 1147 2077 mens,
1171 1995 1285 2065 caeteri
1310 1994 1359 2063 in·

356 2101 547 2164 strumenta
563 2101 697 2164 tantum
708 2095 737 2163 !''

438 2193 551 2278 “Ergo
565 2203 605 2264 tu
621 2217 689 2265 non
704 2195 813 2265 credis
827 2217 941 2265 arcam
956 2217 1036 2266 casu
1051 2195 1100 2265 ad'
1109 2195 1257 2266 Vantine
1279 2195 1358 2265 mis·

356 2317 427 2366 sam
443 2295 558 2365 esseY’

439 2395 617 2466 “Casune?
652 2395 791 2466 Minime
817 2395 992 2479 gentium!
1028 2397 1118 2480 Quin
1135 2418 1214 2480 pars
1227 2395 1358 2467 fuitin·

356 2503 495 2580 tegrans
509 2496 670 2579 propositi
686 2497 855 2566 —eximii
871 2497 1034 2580 propositi
1045 2498 1074 2566 !”

439 2595 617 2667 “Etiamne
633 2596 666 2666 id
681 2605 778 2681 potes
793 2598 874 2667 mihi
891 2598 1061 2668 declarare
1070 2599 1106 2668 ?''
1128 2621 1245 2681 quaero
1260 2621 1302 2667 ex
1317 2620 1357 2667 eo

355 2697 502 2780 quadam
517 2696 634 2778 ironia,
650 2719 730 2766 nam
754 2698 847 2767 haud
870 2697 1016 2767 diffiteor
1041 2699 1124 2767 mihi
1150 2699 1262 2768 visum
1284 2721 1357 2768 esse

356 2798 508 2880 Godfrey
523 2820 558 2866 se
574 2797 752 2881 phantasia
768 2801 830 2868 sua
844 2799 952 2882 abripi
968 2820 1105 2881 passum
1121 2821 1203 2868 esse.

440 2899 534 2966 Bono
549 2897 662 2966 animo
676 2897 856 2967 subridens
870 2921 926 2967 me
941 2899 1127 2980 conspexit.

440 2996 542 3067 “Haec
558 2997 671 3067 omnia
686 2999 806 3081 utique
821 2999 957 3069 fabulas
970 3005 1087 3069 texere
1102 2999 1185 3081 est,”
1206 2999 1356 3081 ingenue

356 3098 469 3168 fassus
484 3105 545 3167 est.
568 3098 642 3180 Ego
657 3098 787 3181 primus
812 3099 846 3168 id
870 3121 1026 3182 agnosco.
1058 3098 1150 3167 Nihil
1176 3099 1242 3167 nisi
1265 3099 1355 3168 enim

357 3199 523 3268 rationem
538 3197 759 3267 theorematis
774 3199 881 3267 nastri
896 3197 939 3268 ad
954 3199 1146 3268 naturalem
1160 3197 1265 3269 linem
1280 3222 1357 3268 sum

357 3305 566 3381 prosecutus.
588 3299 635 3368 At
657 3299 730 3367 fieri
755 3299 859 3367 etiam
875 3306 987 3381 potest
1001 3320 1064 3368 nos
1078 3321 1098 3368 a
1112 3305 1205 3368 recto
1219 3300 1357 3369 tramite

356 3420 495 3482 prorsus
518 3399 701 3469 aberrasse.
724 3399 880 3468 Fortasse
903 3399 1084 3480 d'Aurelle,
1105 3405 1167 3468 aut
1192 3399 1356 3483 quidquid

357 3500 448 3569 aliud
463 3520 587 3568 nomen
607 3499 681 3567 eius
695 3499 812 3580 tuerit,
826 3521 907 3568 casu
933 3506 1071 3568 tantum
1095 3499 1248 3582 fortuito,
1271 3507 1356 3568 tam·

357 3623 460 3684 quam
476 3600 583 3669 blatta
598 3599 632 3668 in
648 3598 820 3668 flammam
836 3598 995 3681 candelae,
1010 3621 1050 3668 eo
1061 3599 1186 3668 incidit.
1201 3633 1243 3646 -
1258 3599 1356 3683 Quod

357 3701 400 3770 ad
414 3700 573 3769 molimen
588 3700 702 3781 ipsum
716 3700 842 3768 attinet
856 3735 894 3743 -
911 3699 1105 3769 coniectura
1125 3721 1202 3768 mea
1223 3700 1356 3770 nonnisi

357 3808 418 3870 est.
433 3800 521 3884 Quid
537 3799 675 3868 tandem
686 3798 714 3868 si
725 3819 789 3880 ego
804 3805 840 3867 et
855 3805 895 3867 tu
910 3799 1033 3868 indicia
1047 3798 1240 3868 deteximus
1254 3800 1357 3869 auda·

356 3902 404 3970 cis
418 3899 582 3970 latrocinii
595 3897 658 3943 -'’

439 3999 559 4070 Subito
573 3997 745 4080 conticuit,
761 3998 935 4080 expalluit,
959 4021 1038 4069 mox
1061 3999 1186 4068 iterum
1208 4000 1356 4069 erubuit.

441 4099 640 4184 “‘Quidnam
652 4098 711 4181 rei,
723 4099 919 4181 Godsrey?'’
935 4100 1087 4182 quasivi,
1098 4100 1188 4182 quod
1199 4106 1358 4184 aspectus

356 4203 430 4274 eius
445 4223 500 4271 me
515 4198 691 4271 exterruit.
