3502 5158
647 905 786 960 noonns
806 905 1049 961 assensurus
1305 889 1346 960 73

432 1075 559 1145 Doctor
572 1074 716 1157 Hughes
732 1074 775 1144 ad
790 1095 900 1158 pauca
915 1073 1057 1144 dicenda
1071 1073 1316 1157 superstitavit„

433 1173 568 1245 “Satius
583 1174 649 1244 erit
673 1174 908 1245 libitinariuml
938 1175 1119 1244 confestim
1148 1174 1346 1259 advocare,'’

351 1275 472 1360 inquit,
488 1272 625 1345 “ratum
639 1297 709 1345 non
725 1281 778 1344 est
791 1297 864 1344 rem
879 1275 938 1345 diu
953 1275 1124 1345 differre.''

431 1392 554 1463 Statim
569 1392 718 1462 intellexi
734 1413 802 1475 quo
816 1392 889 1462 haec
904 1392 1068 1462 facerent.
1084 1393 1157 1462 Iam
1167 1393 1258 1462 enim
1273 1395 1347 1464 vul·

349 1500 406 1564 tus
420 1493 572 1563 maculas
582 1492 753 1562 decolores
768 1515 807 1562 ac
822 1492 934 1563 foedas
948 1493 1108 1562 exhibere
1121 1493 1234 1577 coepit

433 1591 489 1664 “si
503 1592 553 1663 ita
579 1592 702 1663 libeat’'
726 1593 848 1676 inquit,
872 1591 957 1676 “ego
981 1593 1044 1662 sub
1062 1592 1184 1662 itinere
1206 1593 1346 1665 domum

350 1693 418 1764 huc
432 1715 513 1762 eum
527 1693 665 1763 mittere
686 1693 836 1776 potero.”
855 1693 922 1762 Pro
944 1693 1010 1764 ista
1033 1693 1107 1763 eius
1129 1693 1345 1766 humanitate

348 1794 380 1863 ei
393 1793 523 1878 gratias
537 1793 602 1876 egi.

431 1909 526 1980 Ostio
540 1916 617 1993 post
632 1930 712 1980 eum
727 1910 842 1980 clauso
857 1910 1006 1979 sonitum
1030 1910 1157 1994 pedum
1181 1909 1217 1980 in
1236 1911 1350 1994 gradi·

348 2009 411 2080 bus
426 2009 551 2092 audivi,
566 2009 794 2093 conspexique
809 2009 961 2092 Godirey
975 2031 1076 2094 aequo
1091 2010 1204 2081 animo
1212 2011 1349 2081 descen-

274 2177 278 2186 ,
349 2109 495 2179 dentem.

431 2208 567 2280 “Pauca
581 2216 661 2280 ante
672 2210 807 2283 minuta
817 2210 885 2281 huc
900 2210 1058 2294 intravi,’'
1082 2211 1181 2282 fatur
1195 2210 1349 2296 Godfrey

348 2309 382 2380 in
398 2310 665 2394 explicationem,
681 2332 790 2394 quum
804 2333 860 2381 me
874 2312 1057 2381 mirantem
1072 2311 1258 2396 conspexit,
1273 2310 1344 2382 “at-

352 2431 419 2493 que
439 2411 475 2480 in
490 2410 592 2481 diaeta
618 2411 850 2495 circumspexi.
873 2412 924 2481 Ibi
947 2411 1031 2481 nihil
1046 2419 1108 2482 est.
1135 2412 1246 2496 Quam
1262 2412 1346 2483 scite

349 2509 600 2582 administravit
614 2533 669 2580 res
683 2519 799 2581 noster
815 2511 967 2595 Grady?'’

431 2626 540 2698 “Satis
554 2627 655 2710 scite;
676 2628 735 2698 sed
760 2629 788 2699 si
816 2629 1003 2712 quidquam
1028 2628 1205 2712 divinavit,
1231 2631 1351 2700 vultus

349 2727 421 2798 eius
434 2735 527 2797 certe
541 2749 609 2798 non
624 2728 803 2810 prodidit.’'

432 2842 577 2915 “Vultus
598 2845 673 2914 eius
687 2867 864 2929 nunquam
894 2846 1081 2930 quidquam
1114 2845 1237 2930 prodit,
1267 2846 1349 2930 quia

350 2944 440 3028 quod
470 2944 592 3027 prodat
615 2944 720 3015 habet
745 2946 838 3015 nihil.
874 2947 976 3016 Hunc
1001 2946 1195 3016 contuitum
1220 2944 1350 3030 Sibylli·

349 3065 433 3114 num
457 3044 516 3114 diu
541 3045 704 3129 exercuit,
726 3067 836 3129 usque
861 3045 945 3116 dum
969 3049 1095 3130 vulgus
1118 3046 1244 3116 mirum
1269 3068 1350 3116 eum

350 3143 522 3214 iudicaret
545 3144 678 3216 Revera
692 3153 808 3216 tamen
823 3147 895 3229 ipse
911 3147 1017 3217 bucco
1032 3145 1160 3218 bardus
1173 3153 1210 3216 et
1223 3146 1350 3217 inscius

350 3244 431 3314 est„

431 3359 492 3443 “0,
507 3367 557 3444 tu,
572 3361 733 3446 Godrrey,
758 3364 931 3446 nugaris,”
953 3363 1157 3446 obtestabar,
1184 3361 1245 3433 “tu
1269 3383 1349 3432 eum

349 3461 557 3544 praeiudicas.
579 3462 656 3545 Ipse
670 3469 763 3532 certe
777 3463 821 3532 ad
846 3485 963 3533 rerum
989 3463 1119 3534 radices
1144 3463 1349 3547 penetravit.

350 3561 434 3644 Age,
449 3561 557 3630 scisne
571 3561 724 3632 tabulam
739 3563 913 3646 Rogers?”

430 3660 503 3730 “De
518 3661 574 3731 illa
587 3661 755 3732 muliere?
777 3662 945 3733 Profecto.
958 3663 1088 3746 Rogers
1102 3662 1184 3732 mihi
1199 3683 1275 3732 eam
1290 3683 1350 3732 an·

349 3768 384 3830 te
398 3761 586 3832 adventum
601 3761 717 3845 Grady
731 3763 879 3833 retulit.'’

432 3876 512 3960 “Te,
526 3878 660 3962 Hercle,
675 3880 808 3949 nullum
822 3880 973 3950 amisisse
983 3887 1121 3963 tempus
1133 3879 1248 3963 puto,'’
1259 3879 1351 3949 iocor

348 3999 428 4048 cum
443 3999 494 4047 eo.

450 4197 475 4249 1.
492 4195 579 4249 Cuius
592 4197 736 4263 negotium
749 4203 792 4252 est
804 4203 928 4252 mortuos
940 4197 1063 4264 sepelire.
