3500 5158
560 931 753 987 cnocunun
773 933 852 986 uun
871 933 1097 986 murucmnrs
1264 914 1326 983 243

325 1097 450 1180 quibus
465 1119 519 1166 me
535 1097 677 1167 docuisti
693 1098 849 1168 instituta
864 1121 903 1168 ac
918 1099 1082 1181 praesidia,
1094 1121 1172 1180 quae
1187 1099 1324 1181 quidem

324 1181 406 1249 mihi
422 1202 555 1250 summa
571 1189 605 1250 et
621 1181 776 1250 absoluta
791 1183 961 1264 videntur,
984 1183 1108 1278 quibus
1123 1204 1201 1251 arca
1218 1183 1253 1251 in
1270 1190 1324 1250 tu-

325 1271 360 1333 to
384 1272 550 1361 servetur.
573 1265 647 1362 Ego
670 1287 807 1347 quoque
828 1267 899 1348 ipse
923 1273 1102 1334 stationem
1124 1267 1236 1335 visum
1266 1265 1324 1346 ivi,

324 1347 440 1416 cellam
466 1369 610 1446 lnspexl,
629 1355 819 1430 cunctaque
835 1351 938 1419 etiam
954 1349 1138 1432 singularia
1158 1349 1207 1418 ita
1222 1356 1263 1417 ut
1281 1357 1320 1417 tu

325 1430 489 1500 docueras
504 1452 622 1527 repen.

408 1513 596 1594 “Quoniam
613 1524 647 1584 te
661 1523 702 1585 ut
717 1539 920 1598 generosum
942 1517 1174 1585 adversarium
1199 1516 1322 1584 summi

323 1599 423 1678 facio,
438 1597 605 1694 confidere
622 1600 683 1669 tibi
699 1621 766 1696 non
783 1601 901 1670 dubito
925 1602 1085 1669 futurum
1109 1608 1150 1668 ut
1175 1600 1209 1667 id
1231 1599 1323 1680 quod

324 1687 507 1762 meumst,
524 1681 577 1750 dre
594 1683 751 1753 Mercurii
767 1685 919 1766 proximo
945 1706 1144 1766 recuperare
1170 1705 1320 1765 pergam,

324 1786 392 1847 quo
407 1764 499 1833 facto
515 1766 641 1846 rogabo
657 1774 700 1848 te,
718 1769 806 1836 utin
822 1767 1018 1836 memoriam
1034 1768 1107 1835 eius
1122 1767 1168 1836 rei
1185 1789 1324 1835 munus-

324 1848 440 1916 culum
456 1849 630 1930 proprium
646 1850 796 1932 accipere
812 1852 904 1920 velis.

408 1929 515 2000 “Cum
530 1934 620 2002 omni
636 1935 858 2004 humanitatis
873 1935 979 2003 officio
996 1956 1175 2017 persevero
1191 1941 1274 2001 tuus

598 2085 776 2157 “lncouus
791 2086 999 2167 Cuocunnu,
1016 2085 1073 2154 Ille
1088 2085 1323 2154 lnvincibilis.''

407 2307 522 2390 Quum
537 2307 632 2376 lectis
647 2307 768 2375 litteris
782 2305 816 2373 in
833 2305 983 2388 Godfrey
1000 2305 1140 2386 respexi,
1156 2304 1226 2371 vidi
1241 2325 1320 2372 eum

323 2408 452 2476 curiose
468 2430 522 2476 me
538 2414 766 2476 contuentem.

407 2507 526 2578 “Certe
541 2509 595 2577 hic
611 2507 703 2576 iocus
719 2508 801 2588 est,”
818 2507 863 2574 illi
880 2506 1045 2588 respondi.
1078 2505 1168 2573 Tum
1194 2506 1319 2573 iterum

322 2631 402 2678 eum
417 2610 540 2692 aspexi.
563 2607 655 2677 “Hoc
671 2608 832 2690 profecto,
849 2606 998 2688 Godfrey
1024 2607 1116 2675 haud
1142 2627 1263 2675 verum
1285 2612 1319 2673 et

323 2709 510 2792 genuinum
526 2731 597 2778 esse
613 2717 714 2791 putas
724 2708 753 2776 !'’

406 2808 556 2879 “Licebit
570 2810 603 2878 id
618 2809 715 2879 nobis
729 2811 873 2878 fortasse
889 2809 1061 2892 probare‚'’
1085 2808 1246 2875 immotus
1270 2829 1320 2874 re·

322 2911 466 2994 spondit.
488 2909 554 2979 “Et
569 2911 641 2980 haec
657 2933 727 2980 una
741 2917 793 2979 est
819 2911 989 2979 rationum
1014 2931 1120 2990 quare
1146 2918 1181 2979 te
1207 2909 1319 2976 visum

322 3011 482 3080 venerim.
505 3011 599 3079 Num
613 3011 764 3079 Arrnand
780 3033 847 3079 non
859 3010 950 3092 apud
965 3019 1000 3080 te
1016 3010 1150 3092 reliquit
1165 3011 1318 3079 notulam

322 3133 430 3195 quum
445 3118 480 3180 te
496 3111 585 3180 domi
601 3133 668 3180 non
684 3111 873 3180 offenderat
882 3111 920 3178 ?”

406 3211 478 3282 “Sic
504 3233 595 3292 sane,
622 3212 765 3293 reliquit,
790 3233 852 3281 sua
877 3212 911 3280 in
938 3213 1087 3295 pagella;
1109 3211 1152 3280 ad
1177 3231 1317 3278 manum

322 3335 397 3384 eam
412 3313 520 3382 habeo
530 3311 558 3379 l'’
581 3312 671 3381 Tum
697 3312 811 3394 digitis
836 3314 989 3382 tremulis
1013 3313 1177 3399 pugillare
1203 3332 1317 3379 meum

321 3413 474 3497 produxi,
489 3413 711 3495 notulamque
726 3435 744 3481 e
759 3413 933 3494 plicatura,
948 3414 983 3482 in
999 3435 1068 3496 qua
1078 3435 1153 3482 eam
1165 3411 1318 3481 condide-

322 3536 404 3596 ram,
420 3513 620 3595 exprompsi.

404 3612 467 3682 Vel
482 3634 574 3681 unus
588 3613 730 3684 obtutus
745 3615 826 3684 satis
847 3621 929 3684 erat.
960 3614 1154 3684 Versiculos
1169 3613 1202 3681 in
1220 3621 1317 3694 tergo

321 3713 402 3783 satis
430 3712 594 3795 prodebat
624 3713 715 3783 hunc
745 3715 862 3784 eadem
888 3737 991 3784 manu
1019 3737 1096 3796 quae
1126 3713 1315 3796 epistolium

321 3813 509 3896 scripserat,
524 3834 597 3883 esse
612 3813 781 3896 scriptam.

404 3913 505 3983 Nunc
520 3935 603 3994 ergo
617 3937 740 3984 nomen
756 3916 829 3984 eius
843 3915 1043 3997 cognoscis,’'
1068 3915 1217 3996 Godfrey
1240 3913 1317 3983 suo

321 4013 441 4096 iunxit,
456 4013 563 4096 digito
577 4021 764 4085 attrectans
777 4038 901 4085 nomen
917 4017 1154 4098 subscriptum.
1177 4014 1280 4084 “Inde
1295 4037 1317 4084 a

320 4113 481 4196 principio
496 4137 557 4196 pro
572 4123 665 4184 certo
681 4117 761 4186 scivi
777 4117 868 4186 hunc
884 4117 995 4199 ipsum
1010 4139 1090 4185 eum
1105 4139 1177 4185 esse
1188 4117 1216 4184 l'’

403 4213 622 4298 Signaculum
637 4217 709 4286 sine
734 4240 892 4301 responso
917 4218 1140 4302 aspectabam.
1164 4218 1253 4287 Nam
1274 4217 1316 4286 de
