3536 5156
461 831 525 902 232
724 847 935 904 MYSTERIUM
954 848 1064 905 ARCAE
1084 843 1203 906 BOULE

549 1013 615 1085 “Et
629 1022 669 1085 tu
685 1036 806 1087 revera
820 1022 922 1101 putas
936 1039 1017 1088 eum
1042 1017 1077 1087 in
1099 1017 1192 1088 illam
1205 1016 1464 1088 incursurum?”

465 1113 591 1184 dubius
605 1136 732 1197 quaero.

548 1213 642 1286 “Scio
657 1236 738 1286 eum
752 1215 786 1287 id
800 1216 995 1287 facturuml
1019 1217 1173 1301 Quodam
1188 1217 1242 1288 die
1256 1217 1404 1287 tentabit
1413 1238 1464 1286 ar·

465 1337 540 1384 cam
551 1336 570 1385 e
581 1315 665 1385 cella
678 1315 852 1399 chalybeia
862 1315 1016 1387 stationis
1026 1316 1173 1387 decuriae
1184 1317 1257 1387 Viae
1267 1317 1466 1400 vigessima

464 1415 599 1498 Tertiae,
615 1415 650 1485 in
666 1437 735 1498 qua
749 1415 832 1487 seris
846 1417 980 1486 occlusa
994 1416 1176 1500 detinetur,
1192 1417 1352 1501 eripere.”

548 1515 622 1598 Ego
637 1522 741 1598 caput
755 1537 878 1600 quasso
893 1515 1063 1587 dubitans.

549 1613 648 1684 “Non
663 1615 735 1698 ipse
749 1615 798 1685 ita
811 1615 968 1698 insanit,”
982 1615 1134 1699 inquam.
1161 1614 1291 1687 “Nemo
1305 1638 1327 1686 a
1341 1614 1465 1686 sobrie

463 1721 537 1785 tate
552 1721 625 1784 tam
640 1722 692 1784 est
707 1714 846 1786 alienus.
868 1715 987 1786 Potius
1010 1737 1086 1786 eam
1111 1715 1244 1787 deseret
1268 1715 1466 1800 placidoque

464 1815 577 1885 animo
591 1813 736 1884 Parisios
750 1815 902 1885 redibit.”

550 1913 650 1984 “Non
665 1914 769 1985 faciet
784 1915 812 1986 si
826 1915 855 1984 is
870 1915 915 1986 sit
929 1936 1032 1999 quem
1047 1937 1127 1986 eum
1142 1937 1215 1986 esse
1230 1915 1407 1998 arbitror,'’
1418 1915 1466 1985 ait

466 2015 617 2098 Godrrey
632 2037 738 2085 manu
753 2037 871 2085 ansam
886 2015 999 2085 ianuae
1019 2022 1151 2087 tenens.
1174 2015 1280 2086 “Eam
1295 2015 1365 2100 ipse
1379 2037 1467 2085 nun·

466 2138 570 2200 quam
585 2115 816 2198 derelinquet!
838 2116 1006 2198 Exspecta
1030 2117 1141 2199 modo,
1165 2115 1303 2198 Lester;
1324 2136 1395 2186 uno
1420 2115 1467 2185 al·

466 2225 584 2286 terove
600 2215 654 2286 die
669 2215 814 2285 sciemus
829 2223 908 2285 uter
921 2222 1078 2286 nostrum
1089 2222 1186 2286 vates
1199 2215 1307 2286 fuerit
1321 2215 1466 2299 probior.

466 2317 583 2387 Unum
598 2321 734 2384 tantum
748 2315 899 2398 vereor,’'
914 2315 1026 2398 inquit
1039 2315 1141 2385 vultu
1153 2315 1301 2398 tristiori,
1318 2313 1381 2384 “ne
1395 2315 1467 2398 ipse

465 2417 563 2487 nobis
577 2414 693 2485 invitis
707 2437 820 2484 arcam
842 2414 1010 2485 subducat
1020 2414 1049 2484 i’

550 2515 611 2584 His
626 2513 739 2584 verbis
754 2515 942 2584 secundum
967 2513 1134 2585 ambitum
1157 2514 1319 2598 discessit,
1344 2535 1467 2599 meque

466 2615 501 2685 in
517 2636 597 2685 eum
612 2620 859 2698 respectantem
874 2613 1020 2698 reliquit.
