3536 5156
772 1899 924 1971 CAPUT
952 1898 1048 1970 XXII

661 2083 842 2156 Crooirurd
856 2083 915 2154 iilo
930 2083 1159 2154 Inoinoibilio.

493 2267 613 2340 Suum
634 2267 814 2338 dumtaxat
829 2266 981 2349 Godirey
1001 2287 1060 2350 spe
1075 2287 1138 2337 sua
1152 2266 1316 2350 deceptus
1338 2272 1414 2337 erat

410 2367 622 2450 iudicandus,
637 2367 804 2452 siquidem
819 2369 934 2450 plures
948 2366 1029 2449 dies,
1045 2366 1128 2451 quin
1150 2367 1336 2450 quidquam
1361 2387 1415 2437 ac·

411 2467 556 2550 uidisset,
570 2468 837 2551 praeterivertmt
861 2501 904 2512 -
927 2466 991 2536 hoe
1014 2474 1076 2550 est,
1099 2465 1183 2536 nihil
1198 2465 1290 2551 quod
1304 2465 1348 2536 ad
1362 2487 1415 2536 ar·

412 2589 488 2638 cam
503 2567 625 2639 referri
640 2572 763 2651 posset.
786 2564 963 2650 Inquisitio
988 2565 1023 2636 in
1049 2565 1242 2637 novissimae
1265 2565 1415 2636 victimae

412 2676 558 2738 mortem
573 2666 694 2751 utique
708 2667 867 2738 instituta
888 2673 972 2750 erat,
988 2673 1024 2737 et
1038 2666 1120 2736 mihi
1143 2666 1269 2737 iterum
1292 2665 1415 2749 obtigit

411 2789 540 2838 munus
554 2767 739 2838 testimonii
760 2773 840 2837 ante
862 2766 993 2837 iuratos
1017 2766 1193 2837 mortuarii
1207 2764 1414 2850 perhibendi.

414 2868 517 2938 Nunc
531 2867 678 2952 denique
692 2866 873 2938 fatendum
888 2865 971 2936 mihi
986 2873 1039 2937 ost
1053 2887 1108 2937 me
1133 2887 1299 2951 perquam
1323 2865 1415 2936 fatui

409 2967 521 3038 vicem
535 2987 637 3050 agere
651 2967 814 3051 paruisse,
830 2987 939 3050 quum
965 2971 1001 3037 et
1025 2965 1148 3036 diurna
1173 2971 1359 3036 scommata
1378 2965 1414 3034 in

415 3067 620 3138 advocatum
642 3066 824 3150 iactabant,
848 3066 908 3150 qui
931 3065 1178 3150 muscipulam,1
1203 3087 1312 3149 quum
1337 3085 1415 3149 quae

410 3189 504 3238 nunc
525 3166 594 3236 iam
609 3165 736 3251 liquido
762 3171 942 3249 constaret,
966 3171 1039 3238 tam
1057 3165 1235 3250 perspicua
1253 3170 1338 3249 erat,
1355 3164 1417 3236 im·

411 3266 562 3351 prudens
577 3267 758 3338 incidisset.

494 3367 663 3437 Mensuris
687 3367 850 3438 Bertillon
875 3366 918 3437 de
942 3372 1079 3437 mortuo
1104 3365 1271 3437 institutis
1294 3387 1335 3435 ac
1349 3386 1411 3449 per

412 3467 592 3537 remulcale
607 3466 753 3538 Parisios
766 3465 943 3549 nuntiatis,
957 3466 1037 3537 inde
1052 3465 1124 3537 sine
1149 3486 1245 3536 mora
1267 3467 1414 3536 relatum

412 3573 465 3637 est
480 3588 608 3637 caesum
621 3567 715 3637 hune
729 3566 912 3650 quemdam
927 3567 1044 3649 Morel,
1063 3565 1210 3637 decuriae
1223 3565 1290 3636 illic
1304 3571 1345 3636 ut
1359 3565 1415 3636 de·

412 3673 586 3750 speratum
600 3667 855 3738 malefactorem
870 3667 1084 3737 notimimum
1098 3666 1224 3750 fuisse;
1251 3665 1334 3751 quin
1354 3665 1413 3734 he-

413 3788 472 3837 rus
486 3766 613 3850 Lepine
628 3788 701 3838 rem
713 3773 820 3836 tamtae
829 3767 1010 3850 gravitatis
1023 3788 1096 3837 esse
1107 3766 1261 3851 putabat,
1273 3772 1314 3836 ut
1324 3772 1415 3850 post-

412 3867 496 3937 ridie
512 3868 715 3937 remulcaret
729 3888 765 3937 se
791 3867 1019 3950 Inspectorem
1034 3866 1143 3951 Pigot,
1170 3866 1229 3951 qui
1244 3865 1279 3936 in
1304 3871 1414 3936 totam

414 3987 486 4036 rem
500 3965 659 4038 funditus
672 3965 861 4050 inspiceret,
872 3967 947 4037 Neo
958 3965 1149 4037 Eboracum
1163 3965 1414 4049 delegatorum,

514 4187 539 4239 1.
555 4181 738 4254 Maeciano,
754 4197 798 4248 -ω,
809 4199 898 4252 capsa,
909 4183 1056 4248 tendicula,
1068 4199 1123 4254 qua
1133 4197 1225 4238 mures
1237 4181 1298 4252 capi
1309 4181 1411 4239 solent.
