3500 5158
423 874 486 942 242
676 897 881 955 ursmmuu
898 898 1006 954 nucu
1023 894 1142 956 nourr

508 1057 665 1133 “Serione
680 1066 714 1136 id
729 1068 779 1138 ais
787 1069 824 1138 ?’'

508 1159 576 1232 “Ut
591 1169 769 1240 maxime.”

508 1261 688 1349 “Quidum,
705 1269 834 1352 Hercle,
851 1273 914 1342 scis
931 1326 937 1342 .
956 1325 963 1340 .
981 1271 1035 1341 ‚l'’

507 1362 722 1450 “Antequam
738 1371 798 1440 tibi
815 1373 1043 1455 respondeam,
1056 1394 1119 1454 ego
1131 1393 1255 1455 ponam
1265 1371 1423 1454 quae8t50·
1538 1453 1541 1458 .

423 1484 511 1533 nem.
535 1467 710 1552 Numquid
726 1478 765 1542 tu
781 1495 904 1543 nomen
919 1495 1034 1543 meum
1048 1474 1105 1555 illi,
1121 1495 1223 1556 quem
1246 1479 1286 1542 tu
1310 1478 1351 1540 ut
1365 1472 1423 1540 he-

426 1585 503 1633 rum
519 1567 669 1638 Armand
679 1583 985 1655 cognoveras,casu
997 1575 1144 1657 quodam
1156 1573 1423 1642 memoravisti?”

506 1683 745 1772 “Memoravi,'’
759 1698 836 1773 post
846 1693 1008 1762 momenti
1020 1713 1151 1761 moram
1163 1691 1338 1774 respondi;
1354 1689 1423 1760 “ita

422 1785 531 1854 credo.
548 1787 694 1858 Narravi
710 1791 800 1859 enim
815 1792 861 1860 illi
884 1792 1170 1874 quemadmodum
1194 1791 1347 1860 forulum
1370 1813 1424 1859 oc-

422 1884 553 1954 cultum
580 1890 818 1970 quaesissemus
843 1929 883 1937 -
910 1899 945 1961 et
969 1915 1092 1961 nomen
1119 1900 1220 1962 tuum
1241 1891 1365 1974 protuli
1381 1927 1423 1936 -

423 1985 494 2066 ipse
509 2009 591 2057 vero
606 1990 839 2061 sciscitabatur
854 1999 892 2062 tu
917 1993 993 2076 quis
1016 2015 1116 2076 esses,
1143 1992 1366 2074 respondique
1388 1999 1422 2060 te

424 2085 509 2155 miro
524 2089 567 2159 ad
583 2091 743 2162 solvenda
757 2095 919 2176 mysteria
933 2093 1057 2177 pollere
1072 2093 1240 2176 ingenio?

507 2189 657 2274 Gourey
672 2193 780 2276 capite
796 2195 927 2264 annuit.

508 2288 618 2360 “Tum
633 2293 727 2376 hoc,”
743 2295 800 2376 ait,
817 2293 946 2365 “unum
962 2295 996 2365 id
1012 2296 1102 2377 quod
1117 2317 1186 2363 non
1202 2293 1349 2362 intellexi
1366 2314 1423 2375 pa-

424 2391 490 2458 lam
505 2391 597 2461 facit.
614 2393 722 2476 Perge
737 2394 853 2478 igitur,
868 2417 1017 2479 propone
1033 2394 1267 2478 quaestiones’'

508 2507 645 2579 “Paullo
660 2519 740 2581 ante
756 2513 928 2582 asserebas
942 2514 1105 2582 futurum
1130 2519 1171 2581 ut
1193 2518 1306 2581 totum
1330 2511 1422 2581 istud

422 2611 600 2690 negotium
614 2612 772 2694 perendie
787 2613 901 2682 scias.’'
1503 2607 1507 2614 ’

508 2709 637 2781 “Sciam
652 2713 839 2795 equidem.’'

507 2809 594 2893 “Qui
610 2812 670 2881 tibi
686 2820 819 2882 constat
833 2815 867 2882 id
883 2816 1043 2883 futurum
1052 2813 1089 2883 ?”

507 2909 627 2992 “Quod
642 2912 772 2982 litteras
787 2915 908 2996 accepi,
924 2914 1048 2997 quibus
1063 2914 1096 2982 id
1108 2913 1242 2983 termini
1254 2913 1422 2996 ponitur,”

424 3018 459 3079 et
474 3011 526 3081 his
541 3012 638 3081 dictis
652 3013 846 3083 schedulam
863 3037 881 3083 e
897 3016 1028 3084 sacculo
1043 3015 1177 3097 promit,
1199 3035 1342 3096 eamque
1364 3013 1422 3081 mi-

424 3111 458 3178 hi
475 3112 625 3194 porrigit.
649 3111 792 3197 “Lege'’

509 3229 708 3311 Epistolium
722 3232 886 3314 graphide
902 3240 975 3301 erat
990 3233 1151 3315 scriptum
1177 3254 1282 3301 manu
1306 3232 1423 3300 tenera

426 3330 566 3412 fereque
582 3332 748 3414 muliebri,
763 3333 797 3399 in
813 3333 931 3401 charta
954 3333 1063 3415 plana,
1086 3355 1154 3401 non
1181 3333 1314 3402 lineata.
1336 3331 1423 3402 Cum

426 3431 548 3500 sensim
564 3432 770 3502 increscente
781 3439 920 3516 stupore
935 3433 1125 3515 epistolium
1147 3455 1292 3515 sequens
1314 3431 1423 3502 insoli-

424 3532 592 3602 tissimum
608 3533 692 3615 legi:

515 3715 805 3788 ‘'Humonrssime
820 3720 872 3787 mi
888 3721 980 3788 Here
998 3720 1166 3801 Godfreoe

509 3851 765 3950 “Singularibus
779 3853 819 3922 iis
833 3853 949 3950 officiis
964 3853 1089 3936 quibus
1103 3874 1216 3922 arcam
1233 3852 1338 3921 Boule
1349 3873 1423 3934 pro

425 3936 627 4018 sequebans,
643 3937 753 4006 abste
768 3937 850 4004 mih1
865 3938 974 4005 ferme
988 3937 1164 4005 adulatum
1184 3957 1257 4005 esse
1271 3935 1423 4018 gaudem

425 4041 568 4088 acumen
584 4042 666 4089 vero
680 4021 732 4089 tui
747 4020 883 4102 ingenii,
899 4042 967 4102 quo
982 4041 1098 4089 veram
1109 4020 1183 4088 eius
1194 4019 1338 4088 indolem
1350 4040 1424 4115 pro:

425 4123 467 4184 pe
482 4104 525 4171 ad
540 4103 701 4173 amussim
717 4104 882 4185 evolvisti,
908 4104 1045 4172 maximi
1072 4111 1163 4172 certe
1188 4104 1287 4172 facio.
1314 4101 1421 4199 Ollicu

425 4208 560 4269 quoque
576 4187 641 4258 mei
657 4209 729 4258 esse
745 4187 832 4257 duco
847 4187 993 4270 gratiam
1008 4187 1069 4256 tibi
1085 4187 1213 4257 referre
1228 4187 1271 4256 ob
1286 4193 1423 4257 notitias
