<?xml version="1.0" encoding="UTF-8"?>
<!DOCTYPE html PUBLIC "-//W3C//DTD XHTML 1.0 Transitional//EN"
    "http://www.w3.org/TR/xhtml1/DTD/xhtml1-transitional.dtd">
<html xmlns="http://www.w3.org/1999/xhtml" xml:lang="en" lang="en">
 <head>
  <title>
</title>
<meta http-equiv="Content-Type" content="text/html;charset=utf-8" />
  <meta name='ocr-system' content='tesseract 3.04.00' />
  <meta name='ocr-capabilities' content='ocr_page ocr_carea ocr_par ocr_line ocrx_word'/>
</head>
<body>
  <div class='ocr_page' id='page_1' title='image "./mysteriumarcbou00mogygoog/mysteriumarcbou00mogygoog_0293.png"; bbox 0 0 3500 5158; ppageno 0'>
   <div class='ocr_carea' id='block_1_1' title="bbox 426 885 1168 953">
    <p class='ocr_par' dir='ltr' id='par_1_1' title="bbox 426 885 1168 953">
     <span class='ocr_line' id='line_1_1' title="bbox 426 885 1168 953; baseline -0.003 0"><span class='ocrx_word' id='word_1_1' title='bbox 426 885 490 953; x_wconf 71' lang='lat'><strong>278</strong></span> <span class='ocrx_word' id='word_1_2' title='bbox 689 899 898 953; x_wconf 77' lang='lat' dir='ltr'><strong>msmmuu</strong></span> <span class='ocrx_word' id='word_1_3' title='bbox 919 897 1027 952; x_wconf 72' lang='lat' dir='ltr'><strong>Anca</strong></span> <span class='ocrx_word' id='word_1_4' title='bbox 1048 891 1168 952; x_wconf 78' lang='lat' dir='ltr'><strong>nouus</strong></span> 
     </span>
    </p>
   </div>
   <div class='ocr_carea' id='block_1_2' title="bbox 425 1060 1476 3554">
    <p class='ocr_par' dir='ltr' id='par_1_2' title="bbox 425 1060 1431 1250">
     <span class='ocr_line' id='line_1_2' title="bbox 425 1060 1431 1149; baseline -0.007 -11"><span class='ocrx_word' id='word_1_5' title='bbox 425 1067 466 1149; x_wconf 86' lang='lat' dir='ltr'><strong>ci,</strong></span> <span class='ocrx_word' id='word_1_6' title='bbox 481 1067 728 1138; x_wconf 87' lang='lat' dir='ltr'><strong>delectamento</strong></span> <span class='ocrx_word' id='word_1_7' title='bbox 742 1067 825 1136; x_wconf 92' lang='lat' dir='ltr'><strong>mihi</strong></span> <span class='ocrx_word' id='word_1_8' title='bbox 841 1067 906 1136; x_wconf 93' lang='lat' dir='ltr'><strong>erit</strong></span> <span class='ocrx_word' id='word_1_9' title='bbox 919 1067 1050 1149; x_wconf 83' lang='lat' dir='ltr'>aliquot</span> <span class='ocrx_word' id='word_1_10' title='bbox 1064 1063 1310 1149; x_wconf 90' lang='lat' dir='ltr'><strong>pulcherrimas</strong></span> <span class='ocrx_word' id='word_1_11' title='bbox 1334 1060 1431 1133; x_wconf 86' lang='lat' dir='ltr'><strong>vobis</strong></span> 
     </span>
     <span class='ocr_line' id='line_1_3' title="bbox 431 1167 790 1250; baseline 0 -13"><span class='ocrx_word' id='word_1_12' title='bbox 431 1189 586 1250; x_wconf 81' lang='lat' dir='ltr'><strong>gemmas</strong></span> <span class='ocrx_word' id='word_1_13' title='bbox 600 1167 790 1237; x_wconf 85' lang='lat' dir='ltr'><strong>exhibere.&#39;’</strong></span> 
     </span>
    </p>

    <p class='ocr_par' dir='ltr' id='par_1_3' title="bbox 428 1263 1432 1939">
     <span class='ocr_line' id='line_1_4' title="bbox 513 1263 1432 1351; baseline -0.005 -13"><span class='ocrx_word' id='word_1_14' title='bbox 513 1267 701 1351; x_wconf 85' lang='lat' dir='ltr'><strong>Nunquam</strong></span> <span class='ocrx_word' id='word_1_15' title='bbox 715 1289 825 1350; x_wconf 89' lang='lat' dir='ltr'><strong>usque</strong></span> <span class='ocrx_word' id='word_1_16' title='bbox 849 1267 892 1336; x_wconf 88' lang='lat' dir='ltr'><strong>ad</strong></span> <span class='ocrx_word' id='word_1_17' title='bbox 914 1267 979 1336; x_wconf 92' lang='lat' dir='ltr'><strong>hoc</strong></span> <span class='ocrx_word' id='word_1_18' title='bbox 1001 1273 1213 1336; x_wconf 89' lang='lat' dir='ltr'><strong>momentum</strong></span> <span class='ocrx_word' id='word_1_19' title='bbox 1236 1263 1432 1347; x_wconf 85' lang='lat' dir='ltr'><strong>suspicabar</strong></span> 
     </span>
     <span class='ocr_line' id='line_1_5' title="bbox 431 1367 1431 1452; baseline -0.005 -14"><span class='ocrx_word' id='word_1_20' title='bbox 431 1369 513 1452; x_wconf 88' lang='lat' dir='ltr'><strong>quid</strong></span> <span class='ocrx_word' id='word_1_21' title='bbox 527 1369 582 1438; x_wconf 93' lang='lat' dir='ltr'><strong>ille</strong></span> <span class='ocrx_word' id='word_1_22' title='bbox 597 1368 732 1439; x_wconf 79' lang='lat' dir='ltr'><strong>forulus</strong></span> <span class='ocrx_word' id='word_1_23' title='bbox 747 1367 890 1448; x_wconf 89' lang='lat' dir='ltr'><strong>celaret;</strong></span> <span class='ocrx_word' id='word_1_24' title='bbox 912 1367 1079 1437; x_wconf 89' lang='lat' dir='ltr'><strong>hactenus</strong></span> <span class='ocrx_word' id='word_1_25' title='bbox 1093 1367 1184 1436; x_wconf 91' lang='lat' dir='ltr'><strong>enim</strong></span> <span class='ocrx_word' id='word_1_26' title='bbox 1199 1371 1321 1449; x_wconf 90' lang='lat' dir='ltr'><strong>captus</strong></span> <span class='ocrx_word' id='word_1_27' title='bbox 1336 1385 1431 1434; x_wconf 87' lang='lat' dir='ltr'><strong>eram</strong></span> 
     </span>
     <span class='ocr_line' id='line_1_6' title="bbox 429 1467 1431 1548; baseline -0.004 -9"><span class='ocrx_word' id='word_1_28' title='bbox 429 1475 501 1539; x_wconf 87' lang='lat' dir='ltr'><strong>tam</strong></span> <span class='ocrx_word' id='word_1_29' title='bbox 526 1468 668 1538; x_wconf 90' lang='lat' dir='ltr'><strong>historia</strong></span> <span class='ocrx_word' id='word_1_30' title='bbox 693 1469 838 1538; x_wconf 91' lang='lat' dir='ltr'><strong>istorum</strong></span> <span class='ocrx_word' id='word_1_31' title='bbox 861 1467 1017 1538; x_wconf 86' lang='lat' dir='ltr'><strong>dentium</strong></span> <span class='ocrx_word' id='word_1_32' title='bbox 1043 1473 1301 1548; x_wconf 85' lang='lat' dir='ltr'><strong>venenatorum,</strong></span> <span class='ocrx_word' id='word_1_33' title='bbox 1327 1485 1431 1548; x_wconf 84' lang='lat' dir='ltr'><strong>quam</strong></span> 
     </span>
     <span class='ocr_line' id='line_1_7' title="bbox 429 1565 1430 1652; baseline -0.005 -13"><span class='ocrx_word' id='word_1_34' title='bbox 429 1575 554 1639; x_wconf 83' lang='lat' dir='ltr'><strong>caetera</strong></span> <span class='ocrx_word' id='word_1_35' title='bbox 567 1569 772 1652; x_wconf 85' lang='lat' dir='ltr'><strong>narratione,</strong></span> <span class='ocrx_word' id='word_1_36' title='bbox 798 1589 902 1652; x_wconf 89' lang='lat' dir='ltr'><strong>quam</strong></span> <span class='ocrx_word' id='word_1_37' title='bbox 925 1589 1032 1651; x_wconf 83' lang='lat' dir='ltr'><strong>agens</strong></span> <span class='ocrx_word' id='word_1_38' title='bbox 1047 1567 1230 1637; x_wconf 88' lang='lat' dir='ltr'><strong>Francicus</strong></span> <span class='ocrx_word' id='word_1_39' title='bbox 1244 1571 1342 1635; x_wconf 86' lang='lat' dir='ltr'><strong>tanta</strong></span> <span class='ocrx_word' id='word_1_40' title='bbox 1356 1565 1430 1648; x_wconf 82' lang='lat' dir='ltr'><strong>qui-</strong></span> 
     </span>
     <span class='ocr_line' id='line_1_8' title="bbox 428 1666 1430 1752; baseline -0.005 -14"><span class='ocrx_word' id='word_1_41' title='bbox 428 1669 568 1738; x_wconf 90' lang='lat' dir='ltr'><strong>etudine</strong></span> <span class='ocrx_word' id='word_1_42' title='bbox 602 1675 768 1752; x_wconf 85' lang='lat' dir='ltr'><strong>tantoque</strong></span> <span class='ocrx_word' id='word_1_43' title='bbox 791 1668 918 1738; x_wconf 86' lang='lat' dir='ltr'><strong>effectu</strong></span> <span class='ocrx_word' id='word_1_44' title='bbox 941 1667 1039 1737; x_wconf 91' lang='lat' dir='ltr'><strong>nobis</strong></span> <span class='ocrx_word' id='word_1_45' title='bbox 1063 1666 1268 1748; x_wconf 89' lang='lat' dir='ltr'><strong>tradiderat;</strong></span> <span class='ocrx_word' id='word_1_46' title='bbox 1305 1686 1430 1735; x_wconf 85' lang='lat' dir='ltr'><strong>verum</strong></span> 
     </span>
     <span class='ocr_line' id='line_1_9' title="bbox 429 1764 1431 1849; baseline -0.004 -11"><span class='ocrx_word' id='word_1_47' title='bbox 429 1769 604 1838; x_wconf 88' lang='lat' dir='ltr'><strong>nunciam</strong></span> <span class='ocrx_word' id='word_1_48' title='bbox 619 1767 845 1838; x_wconf 86' lang='lat' dir='ltr'><strong>animadverti</strong></span> <span class='ocrx_word' id='word_1_49' title='bbox 858 1769 1012 1838; x_wconf 85' lang='lat' dir='ltr'><strong>forulum</strong></span> <span class='ocrx_word' id='word_1_50' title='bbox 1024 1767 1216 1837; x_wconf 86' lang='lat' dir='ltr'><strong>convolutis</strong></span> <span class='ocrx_word' id='word_1_51' title='bbox 1229 1764 1431 1849; x_wconf 84' lang='lat' dir='ltr'><strong>gossypinis¹</strong></span> 
     </span>
     <span class='ocr_line' id='line_1_10' title="bbox 429 1868 756 1939; baseline 0 -1"><span class='ocrx_word' id='word_1_52' title='bbox 429 1889 503 1939; x_wconf 84' lang='lat' dir='ltr'><strong>esse</strong></span> <span class='ocrx_word' id='word_1_53' title='bbox 518 1868 756 1939; x_wconf 75' lang='lat' dir='ltr'><strong>conferetum.²</strong></span> 
     </span>
    </p>

    <p class='ocr_par' dir='ltr' id='par_1_4' title="bbox 428 1967 1431 3255">
     <span class='ocr_line' id='line_1_11' title="bbox 513 1967 1431 2052; baseline -0.003 -14"><span class='ocrx_word' id='word_1_54' title='bbox 513 1969 626 2038; x_wconf 88' lang='lat' dir='ltr'><strong>Herus</strong></span> <span class='ocrx_word' id='word_1_55' title='bbox 641 1969 742 2052; x_wconf 85' lang='lat' dir='ltr'><strong>Pigot</strong></span> <span class='ocrx_word' id='word_1_56' title='bbox 756 1969 904 2052; x_wconf 92' lang='lat' dir='ltr'><strong>primum</strong></span> <span class='ocrx_word' id='word_1_57' title='bbox 917 1969 1041 2038; x_wconf 90' lang='lat' dir='ltr'><strong>horum</strong></span> <span class='ocrx_word' id='word_1_58' title='bbox 1057 1968 1211 2051; x_wconf 86' lang='lat' dir='ltr'><strong>sumpsit,</strong></span> <span class='ocrx_word' id='word_1_59' title='bbox 1235 1967 1373 2049; x_wconf 89' lang='lat' dir='ltr'><strong>evolvit,</strong></span> <span class='ocrx_word' id='word_1_60' title='bbox 1395 1972 1431 2035; x_wconf 90' lang='lat' dir='ltr'><strong>et</strong></span> 
     </span>
     <span class='ocr_line' id='line_1_12' title="bbox 428 2068 1431 2152; baseline -0.002 -14"><span class='ocrx_word' id='word_1_61' title='bbox 428 2070 464 2138; x_wconf 92' lang='lat' dir='ltr'><strong>in</strong></span> <span class='ocrx_word' id='word_1_62' title='bbox 478 2069 691 2152; x_wconf 86' lang='lat' dir='ltr'><strong>scriptoriam</strong></span> <span class='ocrx_word' id='word_1_63' title='bbox 698 2090 786 2139; x_wconf 83' lang='lat' dir='ltr'><strong>arcae</strong></span> <span class='ocrx_word' id='word_1_64' title='bbox 797 2076 931 2152; x_wconf 88' lang='lat' dir='ltr'><strong>partem</strong></span> <span class='ocrx_word' id='word_1_65' title='bbox 944 2068 1130 2151; x_wconf 89' lang='lat' dir='ltr'><strong>collocavit,</strong></span> <span class='ocrx_word' id='word_1_66' title='bbox 1139 2089 1208 2151; x_wconf 86' lang='lat' dir='ltr'><strong>quo</strong></span> <span class='ocrx_word' id='word_1_67' title='bbox 1218 2068 1312 2138; x_wconf 84' lang='lat' dir='ltr'><strong>facto</strong></span> <span class='ocrx_word' id='word_1_68' title='bbox 1323 2068 1431 2150; x_wconf 90' lang='lat' dir='ltr'><strong>splen·</strong></span> 
     </span>
     <span class='ocr_line' id='line_1_13' title="bbox 429 2167 1430 2252; baseline -0.003 -13"><span class='ocrx_word' id='word_1_69' title='bbox 429 2170 547 2239; x_wconf 88' lang='lat' dir='ltr'><strong>dorem</strong></span> <span class='ocrx_word' id='word_1_70' title='bbox 575 2168 786 2252; x_wconf 83' lang='lat' dir='ltr'><strong>fulgentium</strong></span> <span class='ocrx_word' id='word_1_71' title='bbox 810 2170 1034 2240; x_wconf 88' lang='lat' dir='ltr'><strong>adamantum</strong></span> <span class='ocrx_word' id='word_1_72' title='bbox 1048 2169 1261 2252; x_wconf 85' lang='lat' dir='ltr'><strong>percepimus</strong></span> <span class='ocrx_word' id='word_1_73' title='bbox 1277 2187 1327 2212; x_wconf 84' lang='lat'><strong>·—</strong></span> <span class='ocrx_word' id='word_1_74' title='bbox 1351 2167 1430 2236; x_wconf 85' lang='lat' dir='ltr'><strong>ada-</strong></span> 
     </span>
     <span class='ocr_line' id='line_1_14' title="bbox 430 2267 1431 2352; baseline -0.003 -13"><span class='ocrx_word' id='word_1_75' title='bbox 430 2275 587 2339; x_wconf 87' lang='lat' dir='ltr'><strong>mantum</strong></span> <span class='ocrx_word' id='word_1_76' title='bbox 601 2275 673 2339; x_wconf 87' lang='lat' dir='ltr'><strong>tam</strong></span> <span class='ocrx_word' id='word_1_77' title='bbox 687 2269 879 2352; x_wconf 77' lang='lat' dir='ltr'><strong>grandium,</strong></span> <span class='ocrx_word' id='word_1_78' title='bbox 894 2277 967 2338; x_wconf 89' lang='lat' dir='ltr'><strong>tam</strong></span> <span class='ocrx_word' id='word_1_79' title='bbox 981 2269 1203 2352; x_wconf 81' lang='lat' dir='ltr'><strong>fulgidorum,</strong></span> <span class='ocrx_word' id='word_1_80' title='bbox 1227 2274 1367 2350; x_wconf 84' lang='lat' dir='ltr'><strong>tamque</strong></span> <span class='ocrx_word' id='word_1_81' title='bbox 1390 2267 1431 2336; x_wconf 87' lang='lat' dir='ltr'><strong>si·</strong></span> 
     </span>
     <span class='ocr_line' id='line_1_15' title="bbox 430 2367 1430 2452; baseline -0.003 -13"><span class='ocrx_word' id='word_1_82' title='bbox 430 2391 474 2439; x_wconf 90' lang='lat' dir='ltr'><strong>ne</strong></span> <span class='ocrx_word' id='word_1_83' title='bbox 500 2369 633 2439; x_wconf 90' lang='lat' dir='ltr'><strong>macula</strong></span> <span class='ocrx_word' id='word_1_84' title='bbox 658 2370 887 2452; x_wconf 89' lang='lat' dir='ltr'><strong>candentium,</strong></span> <span class='ocrx_word' id='word_1_85' title='bbox 910 2376 951 2438; x_wconf 93' lang='lat' dir='ltr'><strong>ut</strong></span> <span class='ocrx_word' id='word_1_86' title='bbox 974 2391 1046 2452; x_wconf 85' lang='lat' dir='ltr'><strong>prae</strong></span> <span class='ocrx_word' id='word_1_87' title='bbox 1069 2369 1290 2440; x_wconf 88' lang='lat' dir='ltr'><strong>admiratione</strong></span> <span class='ocrx_word' id='word_1_88' title='bbox 1305 2389 1348 2438; x_wconf 86' lang='lat' dir='ltr'><strong>ex</strong></span> <span class='ocrx_word' id='word_1_89' title='bbox 1362 2367 1430 2436; x_wconf 93' lang='lat' dir='ltr'><strong>imo</strong></span> 
     </span>
     <span class='ocr_line' id='line_1_16' title="bbox 429 2468 1430 2552; baseline -0.001 -14"><span class='ocrx_word' id='word_1_90' title='bbox 429 2470 601 2539; x_wconf 86' lang='lat' dir='ltr'><strong>traherem</strong></span> <span class='ocrx_word' id='word_1_91' title='bbox 615 2470 809 2552; x_wconf 87' lang='lat' dir='ltr'><strong>suspirium.</strong></span> <span class='ocrx_word' id='word_1_92' title='bbox 826 2471 901 2552; x_wconf 91' lang='lat' dir='ltr'><strong>lpse</strong></span> <span class='ocrx_word' id='word_1_93' title='bbox 917 2470 1000 2540; x_wconf 90' lang='lat' dir='ltr'><strong>adeo</strong></span> <span class='ocrx_word' id='word_1_94' title='bbox 1025 2470 1129 2540; x_wconf 91' lang='lat' dir='ltr'><strong>herus</strong></span> <span class='ocrx_word' id='word_1_95' title='bbox 1155 2469 1265 2552; x_wconf 85' lang='lat' dir='ltr'><strong>Pigot,</strong></span> <span class='ocrx_word' id='word_1_96' title='bbox 1279 2468 1339 2552; x_wconf 88' lang='lat' dir='ltr'><strong>qui</strong></span> <span class='ocrx_word' id='word_1_97' title='bbox 1361 2489 1430 2538; x_wconf 90' lang='lat' dir='ltr'><strong>non</strong></span> 
     </span>
     <span class='ocr_line' id='line_1_17' title="bbox 430 2569 1431 2653; baseline -0.002 -13"><span class='ocrx_word' id='word_1_98' title='bbox 430 2570 529 2640; x_wconf 84' lang='lat' dir='ltr'><strong>facile</strong></span> <span class='ocrx_word' id='word_1_99' title='bbox 554 2570 685 2639; x_wconf 91' lang='lat' dir='ltr'><strong>moveri</strong></span> <span class='ocrx_word' id='word_1_100' title='bbox 708 2570 772 2639; x_wconf 88' lang='lat' dir='ltr'><strong>sibi</strong></span> <span class='ocrx_word' id='word_1_101' title='bbox 794 2570 916 2640; x_wconf 86' lang='lat' dir='ltr'><strong>virtuti</strong></span> <span class='ocrx_word' id='word_1_102' title='bbox 940 2570 1097 2653; x_wconf 89' lang='lat' dir='ltr'><strong>habebat,</strong></span> <span class='ocrx_word' id='word_1_103' title='bbox 1123 2570 1216 2639; x_wconf 90' lang='lat' dir='ltr'><strong>haud</strong></span> <span class='ocrx_word' id='word_1_104' title='bbox 1230 2569 1331 2639; x_wconf 82' lang='lat' dir='ltr'><strong>facile</strong></span> <span class='ocrx_word' id='word_1_105' title='bbox 1345 2570 1431 2639; x_wconf 87' lang='lat' dir='ltr'><strong>tales</strong></span> 
     </span>
     <span class='ocr_line' id='line_1_18' title="bbox 428 2670 1431 2753; baseline -0.001 -13"><span class='ocrx_word' id='word_1_106' title='bbox 428 2691 585 2752; x_wconf 79' lang='lat' dir='ltr'><strong>gemmas</strong></span> <span class='ocrx_word' id='word_1_107' title='bbox 599 2671 705 2739; x_wconf 89' lang='lat' dir='ltr'><strong>oculis</strong></span> <span class='ocrx_word' id='word_1_108' title='bbox 719 2670 865 2740; x_wconf 88' lang='lat' dir='ltr'><strong>lustrare</strong></span> <span class='ocrx_word' id='word_1_109' title='bbox 888 2671 1025 2741; x_wconf 87' lang='lat' dir='ltr'><strong>valebat</strong></span> <span class='ocrx_word' id='word_1_110' title='bbox 1045 2670 1128 2753; x_wconf 87' lang='lat' dir='ltr'><strong>quin</strong></span> <span class='ocrx_word' id='word_1_111' title='bbox 1151 2670 1264 2739; x_wconf 91' lang='lat' dir='ltr'><strong>animo</strong></span> <span class='ocrx_word' id='word_1_112' title='bbox 1287 2690 1431 2739; x_wconf 81' lang='lat' dir='ltr'><strong>commo</strong></span> 
     </span>
     <span class='ocr_line' id='line_1_19' title="bbox 430 2769 1430 2853; baseline 0 -15"><span class='ocrx_word' id='word_1_113' title='bbox 430 2776 590 2851; x_wconf 88' lang='lat' dir='ltr'><strong>veretur;</strong></span> <span class='ocrx_word' id='word_1_114' title='bbox 604 2769 640 2838; x_wconf 92' lang='lat' dir='ltr'><strong>in</strong></span> <span class='ocrx_word' id='word_1_115' title='bbox 654 2791 762 2852; x_wconf 79' lang='lat' dir='ltr'><strong>genas</strong></span> <span class='ocrx_word' id='word_1_116' title='bbox 776 2771 851 2840; x_wconf 89' lang='lat' dir='ltr'><strong>eius</strong></span> <span class='ocrx_word' id='word_1_117' title='bbox 865 2771 970 2840; x_wconf 87' lang='lat' dir='ltr'><strong>rubor</strong></span> <span class='ocrx_word' id='word_1_118' title='bbox 983 2771 1108 2841; x_wconf 89' lang='lat' dir='ltr'><strong>sensim</strong></span> <span class='ocrx_word' id='word_1_119' title='bbox 1121 2770 1266 2853; x_wconf 84' lang='lat' dir='ltr'><strong>irrepsit,</strong></span> <span class='ocrx_word' id='word_1_120' title='bbox 1281 2776 1322 2840; x_wconf 91' lang='lat' dir='ltr'><strong>ut</strong></span> <span class='ocrx_word' id='word_1_121' title='bbox 1336 2770 1430 2840; x_wconf 89' lang='lat' dir='ltr'><strong>deor-</strong></span> 
     </span>
     <span class='ocr_line' id='line_1_20' title="bbox 429 2869 1430 2954; baseline -0.001 -14"><span class='ocrx_word' id='word_1_122' title='bbox 429 2891 506 2940; x_wconf 93' lang='lat' dir='ltr'><strong>sum</strong></span> <span class='ocrx_word' id='word_1_123' title='bbox 521 2869 556 2939; x_wconf 92' lang='lat' dir='ltr'><strong>in</strong></span> <span class='ocrx_word' id='word_1_124' title='bbox 572 2891 725 2952; x_wconf 69' lang='lat' dir='ltr'><strong>gemmas</strong></span> <span class='ocrx_word' id='word_1_125' title='bbox 744 2873 858 2941; x_wconf 90' lang='lat' dir='ltr'><strong>oculos</strong></span> <span class='ocrx_word' id='word_1_126' title='bbox 880 2871 1019 2954; x_wconf 82' lang='lat' dir='ltr'><strong>figebat,</strong></span> <span class='ocrx_word' id='word_1_127' title='bbox 1042 2891 1152 2941; x_wconf 90' lang='lat' dir='ltr'><strong>unum</strong></span> <span class='ocrx_word' id='word_1_128' title='bbox 1176 2871 1390 2953; x_wconf 86' lang='lat' dir='ltr'><strong>alterumque</strong></span> <span class='ocrx_word' id='word_1_129' title='bbox 1411 2891 1430 2939; x_wconf 93' lang='lat' dir='ltr'><strong>e</strong></span> 
     </span>
     <span class='ocr_line' id='line_1_21' title="bbox 429 2969 1430 3055; baseline 0.001 -17"><span class='ocrx_word' id='word_1_130' title='bbox 429 2969 613 3039; x_wconf 89' lang='lat' dir='ltr'><strong>maioribus</strong></span> <span class='ocrx_word' id='word_1_131' title='bbox 636 2971 773 3039; x_wconf 90' lang='lat' dir='ltr'><strong>sustulit</strong></span> <span class='ocrx_word' id='word_1_132' title='bbox 805 2978 846 3041; x_wconf 90' lang='lat' dir='ltr'><strong>ut</strong></span> <span class='ocrx_word' id='word_1_133' title='bbox 870 2993 928 3040; x_wconf 88' lang='lat' dir='ltr'><strong>eas</strong></span> <span class='ocrx_word' id='word_1_134' title='bbox 950 2971 1088 3055; x_wconf 90' lang='lat' dir='ltr'><strong>propius</strong></span> <span class='ocrx_word' id='word_1_135' title='bbox 1111 2976 1311 3053; x_wconf 83' lang='lat' dir='ltr'><strong>aspectaret</strong></span> <span class='ocrx_word' id='word_1_136' title='bbox 1339 2970 1430 3039; x_wconf 90' lang='lat' dir='ltr'><strong>Tum</strong></span> 
     </span>
     <span class='ocr_line' id='line_1_22' title="bbox 429 3071 1429 3154; baseline 0.001 -15"><span class='ocrx_word' id='word_1_137' title='bbox 429 3091 539 3139; x_wconf 93' lang='lat' dir='ltr'><strong>unum</strong></span> <span class='ocrx_word' id='word_1_138' title='bbox 553 3071 774 3140; x_wconf 88' lang='lat' dir='ltr'><strong>convolutum</strong></span> <span class='ocrx_word' id='word_1_139' title='bbox 789 3079 865 3154; x_wconf 90' lang='lat' dir='ltr'><strong>post</strong></span> <span class='ocrx_word' id='word_1_140' title='bbox 879 3073 1026 3141; x_wconf 87' lang='lat' dir='ltr'><strong>alterum</strong></span> <span class='ocrx_word' id='word_1_141' title='bbox 1041 3071 1168 3141; x_wconf 88' lang='lat' dir='ltr'><strong>evolvit</strong></span> <span class='ocrx_word' id='word_1_142' title='bbox 1176 3073 1280 3140; x_wconf 91' lang='lat' dir='ltr'><strong>semel</strong></span> <span class='ocrx_word' id='word_1_143' title='bbox 1289 3071 1429 3140; x_wconf 90' lang='lat' dir='ltr'><strong>iterum·</strong></span> 
     </span>
     <span class='ocr_line' id='line_1_23' title="bbox 430 3170 1331 3255; baseline -0.001 -15"><span class='ocrx_word' id='word_1_144' title='bbox 430 3191 497 3252; x_wconf 87' lang='lat' dir='ltr'><strong>que</strong></span> <span class='ocrx_word' id='word_1_145' title='bbox 513 3170 635 3239; x_wconf 91' lang='lat' dir='ltr'><strong>sistens</strong></span> <span class='ocrx_word' id='word_1_146' title='bbox 648 3178 690 3240; x_wconf 93' lang='lat' dir='ltr'><strong>ut</strong></span> <span class='ocrx_word' id='word_1_147' title='bbox 704 3172 962 3254; x_wconf 78' lang='lat' dir='ltr'><strong>grandiusculos</strong></span> <span class='ocrx_word' id='word_1_148' title='bbox 976 3171 1116 3255; x_wconf 91' lang='lat' dir='ltr'><strong>propius</strong></span> <span class='ocrx_word' id='word_1_149' title='bbox 1128 3171 1331 3241; x_wconf 90' lang='lat' dir='ltr'><strong>intueretur.</strong></span> 
     </span>
    </p>

    <p class='ocr_par' dir='ltr' id='par_1_5' title="bbox 426 3268 1476 3554">
     <span class='ocr_line' id='line_1_24' title="bbox 513 3268 1476 3354; baseline 0.007 -17"><span class='ocrx_word' id='word_1_150' title='bbox 513 3268 598 3338; x_wconf 86' lang='lat' dir='ltr'><strong>“Hae</strong></span> <span class='ocrx_word' id='word_1_151' title='bbox 611 3291 757 3352; x_wconf 85' lang='lat' dir='ltr'><strong>gemmae</strong></span> <span class='ocrx_word' id='word_1_152' title='bbox 772 3279 854 3340; x_wconf 92' lang='lat' dir='ltr'><strong>sunt</strong></span> <span class='ocrx_word' id='word_1_153' title='bbox 869 3279 984 3354; x_wconf 90' lang='lat' dir='ltr'><strong>partes</strong></span> <span class='ocrx_word' id='word_1_154' title='bbox 998 3271 1131 3341; x_wconf 91' lang='lat' dir='ltr'><strong>monilis</strong></span> <span class='ocrx_word' id='word_1_155' title='bbox 1145 3271 1321 3342; x_wconf 91' lang='lat' dir='ltr'><strong>clarissimi</strong></span> <span class='ocrx_word' id='word_1_156' title='bbox 1337 3271 1428 3354; x_wconf 85' lang='lat' dir='ltr'><strong>quod</strong></span> <span class='ocrx_word' id='word_1_157' title='bbox 1471 3337 1476 3344; x_wconf 94' lang='lat'><em>.</em></span> 
     </span>
     <span class='ocr_line' id='line_1_25' title="bbox 429 3369 1428 3455; baseline 0.001 -15"><span class='ocrx_word' id='word_1_158' title='bbox 429 3371 577 3453; x_wconf 84' lang='lat' dir='ltr'><strong>Magnus</strong></span> <span class='ocrx_word' id='word_1_159' title='bbox 592 3369 670 3439; x_wconf 90' lang='lat' dir='ltr'><strong>Dux</strong></span> <span class='ocrx_word' id='word_1_160' title='bbox 685 3370 728 3439; x_wconf 92' lang='lat' dir='ltr'><strong>ab</strong></span> <span class='ocrx_word' id='word_1_161' title='bbox 743 3371 821 3441; x_wconf 87' lang='lat' dir='ltr'><strong>avia</strong></span> <span class='ocrx_word' id='word_1_162' title='bbox 836 3394 899 3441; x_wconf 89' lang='lat' dir='ltr'><strong>sua</strong></span> <span class='ocrx_word' id='word_1_163' title='bbox 914 3373 949 3440; x_wconf 89' lang='lat' dir='ltr'><strong>in</strong></span> <span class='ocrx_word' id='word_1_164' title='bbox 964 3371 1201 3441; x_wconf 87' lang='lat' dir='ltr'><strong>haereditatem</strong></span> <span class='ocrx_word' id='word_1_165' title='bbox 1222 3371 1428 3455; x_wconf 87' lang='lat' dir='ltr'><strong>acceperat,&#39;&#39;</strong></span> 
     </span>
     <span class='ocr_line' id='line_1_26' title="bbox 426 3469 1426 3554; baseline 0.002 -16"><span class='ocrx_word' id='word_1_166' title='bbox 426 3471 571 3553; x_wconf 87' lang='lat' dir='ltr'><strong>explicat</strong></span> <span class='ocrx_word' id='word_1_167' title='bbox 599 3469 703 3540; x_wconf 90' lang='lat' dir='ltr'><strong>herus</strong></span> <span class='ocrx_word' id='word_1_168' title='bbox 732 3471 843 3554; x_wconf 85' lang='lat' dir='ltr'><strong>Pigot,</strong></span> <span class='ocrx_word' id='word_1_169' title='bbox 874 3478 1042 3542; x_wconf 90' lang='lat' dir='ltr'><strong>ostestans</strong></span> <span class='ocrx_word' id='word_1_170' title='bbox 1071 3493 1218 3554; x_wconf 88' lang='lat' dir='ltr'><strong>parvum</strong></span> <span class='ocrx_word' id='word_1_171' title='bbox 1248 3473 1426 3543; x_wconf 90' lang='lat' dir='ltr'><strong>cumulum</strong></span> 
     </span>
    </p>
   </div>
   <div class='ocr_carea' id='block_1_3' title="bbox 425 3681 1429 4088">
    <p class='ocr_par' dir='ltr' id='par_1_6' title="bbox 425 3681 1429 4001">
     <span class='ocr_line' id='line_1_27' title="bbox 528 3681 1429 3751; baseline 0.008 -18"><span class='ocrx_word' id='word_1_172' title='bbox 528 3683 552 3732; x_wconf 92' lang='lat'><strong>1.</strong></span> <span class='ocrx_word' id='word_1_173' title='bbox 570 3681 758 3750; x_wconf 77' lang='lat' dir='ltr'><strong>Goaaypium,</strong></span> <span class='ocrx_word' id='word_1_174' title='bbox 774 3684 819 3749; x_wconf 79' lang='lat' dir='ltr'><strong>-a&#39;i,</strong></span> <span class='ocrx_word' id='word_1_175' title='bbox 836 3693 878 3739; x_wconf 85' lang='lat' dir='ltr'><strong>est</strong></span> <span class='ocrx_word' id='word_1_176' title='bbox 890 3688 918 3740; x_wconf 89' lang='lat' dir='ltr'><strong>id</strong></span> <span class='ocrx_word' id='word_1_177' title='bbox 930 3688 1004 3751; x_wconf 87' lang='lat' dir='ltr'><strong>quod</strong></span> <span class='ocrx_word' id='word_1_178' title='bbox 1017 3687 1147 3741; x_wconf 87' lang='lat' dir='ltr'><strong>Germani</strong></span> <span class='ocrx_word' id='word_1_179' title='bbox 1165 3685 1267 3740; x_wconf 73' lang='lat' dir='ltr'><strong>hunam</strong></span> <span class='ocrx_word' id='word_1_180' title='bbox 1289 3687 1429 3740; x_wconf 86' lang='lat' dir='ltr'><strong>arboream</strong></span> 
     </span>
     <span class='ocr_line' id='line_1_28' title="bbox 425 3763 1428 3836; baseline 0.007 -21"><span class='ocrx_word' id='word_1_181' title='bbox 425 3763 469 3816; x_wconf 86' lang='lat' dir='ltr'><strong>vel</strong></span> <span class='ocrx_word' id='word_1_182' title='bbox 481 3763 602 3829; x_wconf 77' lang='lat' dir='ltr'><strong>ligneam</strong></span> <span class='ocrx_word' id='word_1_183' title='bbox 614 3773 722 3828; x_wconf 86' lang='lat' dir='ltr'><strong>vocant,</strong></span> <span class='ocrx_word' id='word_1_184' title='bbox 739 3785 821 3834; x_wconf 88' lang='lat' dir='ltr'><strong>quam</strong></span> <span class='ocrx_word' id='word_1_185' title='bbox 844 3776 925 3823; x_wconf 80' lang='lat' dir='ltr'><strong>terrae</strong></span> <span class='ocrx_word' id='word_1_186' title='bbox 949 3771 1107 3824; x_wconf 70' lang='lat' dir='ltr'><strong>meridianae</strong></span> <span class='ocrx_word' id='word_1_187' title='bbox 1127 3770 1256 3836; x_wconf 70' lang='lat' dir='ltr'><strong>gignunt,</strong></span> <span class='ocrx_word' id='word_1_188' title='bbox 1274 3776 1301 3822; x_wconf 87' lang='lat' dir='ltr'><strong>et</strong></span> <span class='ocrx_word' id='word_1_189' title='bbox 1318 3785 1353 3822; x_wconf 85' lang='lat' dir='ltr'><strong>ex</strong></span> <span class='ocrx_word' id='word_1_190' title='bbox 1365 3786 1428 3836; x_wconf 83' lang='lat' dir='ltr'><strong>qua,</strong></span> 
     </span>
     <span class='ocr_line' id='line_1_29' title="bbox 428 3850 1429 3918; baseline 0.009 -20"><span class='ocrx_word' id='word_1_191' title='bbox 428 3853 568 3908; x_wconf 79' lang='lat' dir='ltr'><strong>tamquam</strong></span> <span class='ocrx_word' id='word_1_192' title='bbox 580 3865 611 3900; x_wconf 78' lang='lat' dir='ltr'><strong>ex</strong></span> <span class='ocrx_word' id='word_1_193' title='bbox 626 3850 691 3910; x_wconf 80' lang='lat' dir='ltr'><strong>lino,</strong></span> <span class='ocrx_word' id='word_1_194' title='bbox 704 3851 788 3904; x_wconf 86' lang='lat' dir='ltr'><strong>telam</strong></span> <span class='ocrx_word' id='word_1_195' title='bbox 801 3853 898 3916; x_wconf 86' lang='lat' dir='ltr'><strong>albam,</strong></span> <span class='ocrx_word' id='word_1_196' title='bbox 911 3855 1060 3918; x_wconf 81' lang='lat' dir='ltr'><strong>aliquando</strong></span> <span class='ocrx_word' id='word_1_197' title='bbox 1072 3871 1134 3907; x_wconf 90' lang='lat' dir='ltr'><strong>cum</strong></span> <span class='ocrx_word' id='word_1_198' title='bbox 1148 3855 1205 3907; x_wconf 90' lang='lat' dir='ltr'><strong>lino</strong></span> <span class='ocrx_word' id='word_1_199' title='bbox 1218 3854 1312 3916; x_wconf 76' lang='lat' dir='ltr'><strong>mixta,</strong></span> <span class='ocrx_word' id='word_1_200' title='bbox 1323 3859 1429 3916; x_wconf 80' lang='lat' dir='ltr'><strong>texunt.</strong></span> 
     </span>
     <span class='ocr_line' id='line_1_30' title="bbox 427 3931 1254 4001; baseline 0.011 -20"><span class='ocrx_word' id='word_1_201' title='bbox 427 3931 541 3984; x_wconf 86' lang='lat' dir='ltr'><strong>vulnera</strong></span> <span class='ocrx_word' id='word_1_202' title='bbox 554 3931 695 3998; x_wconf 75' lang='lat' dir='ltr'><strong>obtegunt,</strong></span> <span class='ocrx_word' id='word_1_203' title='bbox 709 3950 740 3988; x_wconf 84' lang='lat' dir='ltr'><strong>ac</strong></span> <span class='ocrx_word' id='word_1_204' title='bbox 751 3937 1005 4001; x_wconf 82' lang='lat' dir='ltr'><strong>quamlmultifariis</strong></span> <span class='ocrx_word' id='word_1_205' title='bbox 1017 3938 1105 3991; x_wconf 87' lang='lat' dir='ltr'><strong>modis</strong></span> <span class='ocrx_word' id='word_1_206' title='bbox 1115 3937 1254 3991; x_wconf 81' lang='lat' dir='ltr'><strong>adhibent.</strong></span> 
     </span>
    </p>

    <p class='ocr_par' dir='ltr' id='par_1_7' title="bbox 530 4015 1429 4088">
     <span class='ocr_line' id='line_1_31' title="bbox 530 4015 1429 4088; baseline 0.009 -21"><span class='ocrx_word' id='word_1_207' title='bbox 530 4017 554 4068; x_wconf 92' lang='lat'><strong>2.</strong></span> <span class='ocrx_word' id='word_1_208' title='bbox 574 4015 752 4081; x_wconf 77' lang='lat' dir='ltr'><strong>Consarcio,⁴</strong></span> <span class='ocrx_word' id='word_1_209' title='bbox 773 4019 867 4084; x_wconf 79' lang='lat' dir='ltr'><strong>·sersi,</strong></span> <span class='ocrx_word' id='word_1_210' title='bbox 896 4021 1043 4086; x_wconf 58' lang='lat' dir='ltr'><strong>seratum,</strong></span> <span class='ocrx_word' id='word_1_211' title='bbox 1069 4022 1122 4083; x_wconf 87' lang='lat' dir='ltr'><strong>vel,</strong></span> <span class='ocrx_word' id='word_1_212' title='bbox 1145 4037 1192 4088; x_wconf 89' lang='lat' dir='ltr'><strong>per</strong></span> <span class='ocrx_word' id='word_1_213' title='bbox 1215 4023 1429 4083; x_wconf 79' lang='lat' dir='ltr'><strong>affectationem,</strong></span> 
     </span>
    </p>
   </div>
   <div class='ocr_carea' id='block_1_4' title="bbox 427 4097 1428 4248">
    <p class='ocr_par' dir='ltr' id='par_1_8' title="bbox 427 4097 1428 4248">
     <span class='ocr_line' id='line_1_32' title="bbox 427 4097 1428 4169; baseline 0.007 -20"><span class='ocrx_word' id='word_1_214' title='bbox 427 4097 600 4162; x_wconf 77' lang='lat' dir='ltr'><strong>confertum,</strong></span> <span class='ocrx_word' id='word_1_215' title='bbox 627 4101 727 4154; x_wconf 87' lang='lat' dir='ltr'><strong>omisso</strong></span> <span class='ocrx_word' id='word_1_216' title='bbox 753 4117 776 4164; x_wconf 89' lang='lat' dir='ltr'><strong>c,</strong></span> <span class='ocrx_word' id='word_1_217' title='bbox 802 4119 862 4169; x_wconf 86' lang='lat' dir='ltr'><strong>quae</strong></span> <span class='ocrx_word' id='word_1_218' title='bbox 885 4105 996 4157; x_wconf 90' lang='lat' dir='ltr'><strong>omissio</strong></span> <span class='ocrx_word' id='word_1_219' title='bbox 1021 4104 1150 4157; x_wconf 85' lang='lat' dir='ltr'><strong>studiosis</strong></span> <span class='ocrx_word' id='word_1_220' title='bbox 1163 4105 1353 4159; x_wconf 84' lang='lat' dir='ltr'><strong>confusionem</strong></span> <span class='ocrx_word' id='word_1_221' title='bbox 1366 4121 1428 4158; x_wconf 90' lang='lat' dir='ltr'><strong>cum</strong></span> 
     </span>
     <span class='ocr_line' id='line_1_33' title="bbox 429 4181 709 4248; baseline 0.018 -16"><span class='ocrx_word' id='word_1_222' title='bbox 429 4182 511 4235; x_wconf 87' lang='lat' dir='ltr'><strong>verbo</strong></span> <span class='ocrx_word' id='word_1_223' title='bbox 519 4181 587 4248; x_wconf 80' lang='lat' dir='ltr'><strong>sero</strong></span> <span class='ocrx_word' id='word_1_224' title='bbox 599 4183 709 4237; x_wconf 85' lang='lat' dir='ltr'><strong>incutit.</strong></span> 
     </span>
    </p>
   </div>
   <div class='ocr_carea' id='block_1_5' title="bbox 0 0 1754 5158">
    <p class='ocr_par' dir='ltr' id='par_1_9' title="bbox 0 0 1754 5158">
     <span class='ocr_line' id='line_1_34' title="bbox 0 0 1754 5158; baseline 0 0"><span class='ocrx_word' id='word_1_225' title='bbox 0 0 1754 5158; x_wconf 95' lang='lat' dir='ltr'><strong> </strong></span> 
     </span>
    </p>
   </div>
  </div>
 </body>
</html>
