3502 5158
429 842 469 910 10
687 859 896 912 ursmarum
918 859 1025 912 Anca
1047 854 1165 914 souis

510 1023 647 1095 “Altera
661 1047 744 1096 vero
759 1027 955 1098 extremitas
963 1026 999 1096 ?''

510 1139 634 1212 “Nulla
649 1143 714 1211 alia
728 1149 781 1212 est
795 1143 1002 1213 extremitas.
1015 1144 1154 1227 Proprie
1169 1144 1349 1228 loquendo,
1362 1145 1427 1215 uti·

427 1262 495 1323 que
509 1250 570 1324 est,
597 1242 688 1324 quod
703 1265 784 1326 opes
802 1265 886 1312 meae
901 1243 1065 1314 limitibus
1086 1244 1177 1314 haud
1201 1252 1336 1326 carere
1359 1266 1427 1315 non

427 1348 542 1410 tamen
564 1342 720 1411 existimo
741 1343 902 1413 futurum
917 1349 958 1412 ut
973 1344 1162 1426 quingenta
1177 1345 1280 1414 millia
1295 1346 1427 1414 franco·

427 1462 505 1510 rum
520 1447 556 1510 te
571 1441 734 1512 excedere
748 1445 934 1526 oporteat.”

511 1539 656 1624 Spiritus
671 1542 755 1611 mihi
770 1542 878 1612 haesit.

512 1656 635 1727 “Aisne
651 1665 690 1727 tu
712 1666 747 1728 te
772 1667 910 1729 centum
937 1660 1040 1729 millia
1063 1661 1273 1731 centussium
1298 1661 1428 1730 Ameri-

426 1778 590 1827 canorum
604 1757 639 1827 in
655 1759 756 1828 istam
771 1780 884 1828 arcam
899 1760 1071 1829 insumere
1087 1769 1246 1844 paratum
1262 1783 1335 1830 esse
1344 1760 1380 1829 ?'’

510 1857 657 1928 Vantine
671 1865 761 1929 nutu
776 1858 907 1941 probat.

513 1955 639 2027 “Forte
654 1965 690 2028 et
704 1959 905 2040 plusculum.
928 1959 962 2028 Si
985 1959 1143 2029 dominus
1167 1967 1310 2042 recuset,
1334 1966 1429 2029 ante·

427 2078 530 2139 quam
545 2058 810 2139 negotiationem
826 2058 974 2140 dirimas,
991 2061 1047 2129 fac
1062 2081 1117 2129 me
1132 2060 1322 2129 certiorem.
1339 2060 1428 2143 Quo-

427 2154 607 2225 dammodo
620 2157 709 2226 circa
719 2156 808 2226 hanc
821 2179 894 2226 rem
909 2157 1049 2240 insanio,
1064 2166 1105 2228 ut
1120 2159 1239 2242 opinor
1254 2195 1294 2204 -
1310 2181 1428 2228 omncs

427 2256 670 2338 conquisitores
680 2257 864 2327 insaniunt.
880 2257 1009 2328 Verum
1024 2279 1100 2328 eam
1115 2281 1227 2328 arcam
1239 2258 1428 2342 concupivi,

427 2378 489 2426 nec
504 2379 558 2426 me
574 2357 761 2440 quidquam
775 2357 818 2427 ab
834 2379 875 2427 ea
888 2357 1045 2428 habenda
1060 2359 1218 2429 arcebit.”

511 2473 603 2543 Nihil
619 2473 785 2557 respondi.
803 2473 925 2544 Oculos
939 2474 1039 2544 modo
1055 2475 1091 2544 in
1107 2497 1186 2545 eum
1202 2475 1312 2545 defixi.
1329 2476 1428 2544 Reni-

427 2573 537 2643 dendo
552 2573 713 2644 obtutum
729 2595 844 2644 meum
859 2575 1002 2658 excepit.

510 2687 590 2772 “Te,
615 2689 734 2760 Lester
754 2691 811 2773 mi,
833 2690 922 2761 idem
944 2691 986 2760 de
1008 2713 1062 2760 mc
1085 2693 1210 2761 sentire
1231 2691 1427 2776 perspicio,''

426 2789 547 2875 inquit
570 2787 657 2859 “Mei
672 2811 775 2859 causa
789 2789 897 2859 times.
921 2791 993 2859 Nec
1008 2798 1043 2860 te
1058 2791 1157 2873 culpo
1174 2826 1213 2836 -
1238 2799 1275 2861 at
1297 2791 1427 2860 veniet

426 2887 537 2958 vide.”

510 2987 662 3070 Surgens
680 2989 806 3071 itaque,
822 3010 877 3058 me
901 2990 1023 3058 comite
1047 3012 1066 3059 e
1091 2990 1246 3060 cubiculo
1272 3012 1429 3074 egressus

427 3094 489 3170 est,
504 3109 542 3158 ae
557 3109 619 3171 per
634 3089 762 3171 gradus
783 3089 973 3170 descendit;
995 3089 1103 3160 sedin
1117 3090 1269 3160 inferiori
1293 3090 1424 3160 ambitu

426 3187 587 3257 constitit.

511 3286 689 3358 “Fortasse
704 3288 836 3371 aequius
850 3289 970 3371 esset,''
992 3289 1114 3372 inquit,
1138 3288 1186 3358 “si
1209 3289 1428 3373 peregrinum

427 3408 506 3456 eum
522 3387 616 3470 prius
642 3388 867 3457 convenirem.
891 3388 970 3471 illic,
985 3388 1021 3458 in
1037 3388 1115 3458 aula
1139 3389 1277 3472 musica,
1300 3390 1429 3473 aliquot

426 3507 534 3556 novas
547 3486 701 3556 invenies
715 3487 931 3570 imagines—
942 3488 1059 3571 paucis
1069 3489 1212 3559 minutis
1223 3489 1284 3559 tibi
1295 3489 1427 3559 adero.’'

510 3603 584 3685 Ego
598 3603 704 3686 igitur
720 3626 760 3673 eo
775 3604 824 3673 ire
839 3604 937 3688 coepi,
951 3605 1022 3688 ipse
1040 3612 1156 3675 autem
1167 3606 1349 3676 laevorsum
1365 3606 1427 3676 sub

426 3703 597 3774 fornicato
613 3704 782 3775 tranavit.

510 3803 683 3872 Momento
699 3804 859 3886 temporis
875 3811 952 3888 post
978 3826 1091 3874 acrem
1117 3804 1232 3874 audivi
1260 3805 1428 3888 vagitum,

425 3908 502 3971 tum
517 3924 615 3972 suam
630 3923 749 3972 vocem
762 3925 817 3972 me
833 3904 1068 3986 appellantem.

510 4017 660 4101 “Lester,
676 4019 755 4088 veni
770 4018 838 4090 huc
849 4019 878 4088 !’'
894 4020 1017 4089 clamat
1033 4020 1097 4089 ille.

511 4135 549 4203 ln
565 4135 696 4205 ambitu
721 4142 813 4205 retro
838 4157 947 4218 curro,
975 4145 1009 4205 et
1032 4138 1201 4218 conclave,
1228 4137 1319 4220 quod
1349 4159 1428 4207 eum
