3554 5156
442 851 505 922 128
699 863 909 920 ursrmruu
929 865 1038 922 mon
1057 859 1175 921 noum

520 1033 638 1105 Lentis
649 1033 821 1117 gressibus
834 1032 951 1118 itaque
966 1033 1000 1102 in
1014 1033 1154 1103 domum
1164 1033 1358 1116 redivimus,
1369 1055 1438 1118 quo

436 1136 539 1218 racto,
563 1133 713 1217 Godfrey
731 1134 775 1204 ad
800 1156 913 1205 arcam
936 1133 1080 1205 ulterius
1103 1133 1343 1217 explorandam
1363 1155 1440 1202 eon·

437 1234 533 1306 sedit

521 1332 639 1405 “Vires
659 1355 752 1404 meas
772 1332 909 1404 omnino
933 1331 1096 1416 excedit,”
1121 1333 1260 1404 tandem
1287 1333 1440 1429 fatetur3

438 1433 521 1504 “nec
546 1433 611 1504 alio
635 1455 690 1503 me
710 1433 811 1504 modo
834 1433 966 1504 oonfido
989 1433 1149 1504 forulum
1166 1433 1313 1517 reperire
1342 1454 1439 1516 posse

369 1595 373 1606 .
438 1555 542 1620 quam
557 1533 675 1604 securi.
699 1534 778 1604 Non
789 1540 905 1603 tamen
919 1533 1016 1603 lubet
1040 1533 1140 1603 istam
1162 1555 1234 1603 rem
1255 1532 1439 1602 oomminu·

438 1657 496 1707 ere
510 1634 572 1680 -’'

522 1731 616 1803 “Nec
630 1732 754 1804 miror!
776 1732 815 1803 Id
829 1733 919 1802 enim
933 1738 1022 1803 esset
1035 1733 1132 1817 quasi
1157 1733 1325 1803 Venerem
1345 1732 1440 1802 Milo-

438 1835 531 1906 niam
544 1832 784 1904 contundere.’'

523 1933 611 2006 “Vix
624 1940 762 2003 tantum
775 1940 864 2003 esset
877 1934 984 2004 netas.
1000 1933 1129 2004 Tamen
1141 1933 1177 2003 in
1191 1933 1349 2018 praesenti
1363 1955 1439 2003 eam

438 2035 531 2106 haud
544 2033 807 2116 confringemus.
829 2033 1021 2104 Enehiridia
1035 2033 1077 2104 de
1091 2034 1231 2104 occultis
1243 2034 1364 2104 forulis
1374 2033 1439 2118 pri·

439 2157 482 2206 us
496 2132 652 2205 evolvam
678 2168 719 2178 —
744 2132 871 2216 aliquid
896 2132 1041 2203 fortasse
1066 2132 1158 2216 quod
1179 2132 1261 2202 mihi
1275 2133 1353 2203 usui
1366 2153 1438 2203 asse

441 2235 546 2320 possit
560 2232 756 2316 reperiam.'’

523 2332 595 2424 “Ac
607 2331 777 2415 tandem,”
793 2353 851 2416 spe
866 2332 1017 2404 deiectus
1031 2333 1196 2417 respondi,
1212 2331 1377 2417 “idgenus
1389 2334 1440 2404 fo-

441 2433 533 2504 rulos
545 2433 644 2517 plane
658 2453 727 2501 non
742 2439 875 2502 exstare
890 2432 1065 2518 reperies.”

524 2533 590 2605 Sed
605 2531 756 2616 Gourey
769 2539 859 2602 nutu
874 2533 992 2616 capitis
1004 2532 1040 2602 id
1054 2532 1203 2617 negavit

524 2633 619 2718 “Ego
633 2654 725 2714 vero,
738 2632 785 2700 mi
801 2632 930 2715 Lester,
944 2632 1008 2702 hac
1028 2633 1063 2702 in
1085 2655 1122 2702 re
1147 2632 1209 2703 tibi
1232 2633 1370 2703 minime
1390 2655 1442 2704 as·

441 2735 576 2806 sentior.
591 2732 745 2804 Paciscor
758 2739 874 2803 tecum
888 2732 1061 2803 lurconem
1083 2754 1173 2816 eum,
1197 2733 1258 2816 qui
1281 2754 1344 2804 nos
1369 2755 1442 2818 spe

441 2833 629 2915 culabatur,
642 2831 705 2902 hos
718 2831 790 2902 sine
802 2831 916 2901 labore
931 2839 1103 2902 momento
1113 2832 1274 2916 temporis
1284 2854 1381 2916 posse
1392 2854 1442 2903 re·

441 2934 582 3020 pente.''

526 3031 646 3104 “Certe
660 3031 731 3116 ipse
744 3052 910 3116 perquam
924 3031 1108 3104 verebatur
1121 3054 1165 3102 ne
1186 3039 1227 3102 tu
1248 3054 1385 3116 quoque
1406 3033 1441 3104 id

440 3133 584 3220 possea„

525 3232 626 3304 “Non
641 3231 713 3302 sine
727 3231 860 3314 causa,”
874 3230 996 3301 acriter
1018 3232 1125 3302 refert
1147 3231 1307 3316 Godfrey.
1338 3230 1442 3304 “Cras

440 3337 567 3407 iterum
581 3331 745 3416 agrediar.
767 3331 885 3402 Unum
897 3337 1013 3400 tamen
1026 3331 1221 3414 videndum,
1245 3353 1289 3402 ne
1314 3333 1443 3403 amicus

441 3442 566 3516 noster,
581 3430 641 3516 qui
654 3430 760 3500 oculis
771 3429 836 3500 illis
847 3430 1045 3501 ardentibus
1058 3439 1121 3514 est,
1134 3453 1198 3503 nos
1217 3433 1442 3521 antevertat?

528 3530 689 3603 “Tabulae
713 3529 780 3600 illae
808 3527 889 3600 satis
910 3529 1017 3600 firmae
1040 3531 1152 3613 sunt,”
1178 3531 1344 3616 respondi,
1359 3529 1441 3604 “nec

443 3633 552 3706 Parks
566 3631 693 3702 stultus
707 3630 790 3700 est.'’

527 3732 638 3803 “Vera
651 3728 849 3812 memoras,”
871 3729 993 3812 probat
1008 3729 1170 3814 Godrrey,
1184 3729 1274 3801 “fori
1298 3731 1345 3802 illi
1359 3731 1442 3803 satis

443 3840 525 3905 sunt
539 3831 629 3902 firmi
644 3865 685 3874 -
699 3828 795 3898 denis
808 3827 950 3898 minutis
965 3850 1045 3899 eum
1059 3830 1226 3902 aroebunt
1240 3867 1281 3876 -
1295 3832 1354 3902 vix
1368 3831 1441 3902 diu-

444 3935 522 4006 tius.
545 3930 644 4013 Quod
658 3928 702 4000 ad
717 3927 825 3998 Parks
848 3928 982 4015 attinet,
1006 3929 1035 4000 is
1059 3929 1118 4000 vix
1141 3929 1231 4000 dena
1244 3928 1378 4001 minuta
1392 3953 1443 4002 se·

444 4033 556 4106 cunda
570 4031 719 4101 duraret.
741 4027 797 4098 Tu
812 4028 951 4112 quidem
966 4029 1173 4113 singularem
1187 4030 1291 4100 huius
1304 4031 1443 4102 nebulo-

410 4125 414 4137 ’
444 4135 498 4207 nis
510 4131 657 4204 indolem
671 4150 792 4214 capere
806 4150 875 4200 non
890 4128 1045 4200 videris.”
