3500 5158
435 902 499 970 244
696 919 910 978 ursrnnrun
932 925 1040 979 Anca
1061 919 1180 981 nomn

434 1085 537 1156 rebus
550 1089 656 1170 gestis
671 1088 924 1172 Gargantuanis
939 1093 1042 1163 huius
1068 1094 1240 1164 Crochard
1255 1095 1290 1164 in
1305 1093 1436 1165 diurnis

434 1186 549 1256 relatis
563 1209 796 1270 saepenumero
811 1192 877 1274 legi
893 1227 934 1238 -
949 1193 991 1262 de
1013 1193 1254 1278 “Invincibili,”
1280 1203 1321 1265 ut
1344 1217 1380 1265 sc
1401 1194 1438 1263 li-

434 1286 554 1356 benter
568 1309 689 1358 vocare
705 1291 891 1374 consuevit,
906 1315 969 1362 nec
984 1294 1055 1363 sine
1070 1295 1162 1364 iusta
1172 1317 1284 1365 causa
1295 1296 1437 1365 Verum-

435 1393 550 1458 tamen
566 1409 638 1458 suae
653 1412 708 1459 res
723 1399 839 1475 gestae,
862 1393 982 1463 saltem
997 1395 1031 1462 in
1048 1403 1217 1478 quantum
1232 1417 1283 1466 eae
1297 1396 1331 1464 in
1347 1394 1437 1464 diur-

433 1487 487 1557 nis
501 1487 745 1572 recitabantur,
760 1492 809 1561 ita
823 1493 951 1563 inflatae
966 1501 1001 1563 et
1016 1495 1191 1565 ementitae
1204 1496 1381 1579 parebant,
1396 1502 1437 1564 ut

434 1589 564 1660 nnllam
587 1592 690 1662 fidem
715 1600 936 1663 mererentur.
968 1595 1040 1678 Ego
1066 1596 1186 1665 saltem
1211 1596 1279 1666 iam
1304 1596 1435 1666 dudum

436 1691 632 1773 suspicabar
646 1715 727 1762 eum
741 1693 824 1763 nihil
838 1694 902 1764 nisi
917 1695 1120 1778 figmentum
1136 1718 1209 1766 esse
1220 1696 1435 1779 scripturien-

436 1791 523 1860 tium
538 1792 785 1863 Parisiacorum
799 1794 938 1864 lacunas
963 1795 1172 1878 explentium
1198 1796 1306 1867 veluti
1333 1795 1437 1879 quod·

436 1891 515 1960 dam
530 1914 631 1975 penu,
648 1915 708 1976 pro
724 1893 874 1964 siccitate
899 1903 1162 1977 praeservatum;
1185 1903 1247 1966 aut
1260 1919 1342 1966 vero
1357 1918 1437 1965 eurn

437 2013 547 2074 genus
562 2014 634 2063 esse
649 1993 732 2063 hirci
748 1994 920 2077 emissarii,
936 1995 990 2064 cui
1006 1996 1144 2066 decuria
1167 1997 1296 2066 lictoria
1318 1997 1437 2066 Parisi-

436 2114 497 2161 aca
511 2100 634 2162 cuncta
648 2093 809 2177 facinora,
825 2095 950 2178 quibus
964 2097 1122 2166 eruendis
1136 2096 1208 2179 ipsa
1219 2097 1327 2179 impar
1337 2103 1435 2179 esset,

437 2193 545 2262 veluti
560 2193 725 2264 sarcinam
740 2203 936 2278 congestam
951 2196 1081 2280 illigare
1096 2197 1193 2268 solita
1207 2197 1260 2266 sit.
1282 2198 1330 2265 At
1344 2218 1436 2265 nunc

436 2291 504 2361 iarn
520 2292 689 2363 Crochard
704 2294 758 2364 ille
773 2317 893 2365 revera
908 2296 1069 2366 exsistere
1088 2296 1285 2379 videbatu13
1308 2296 1437 2365 litteras

438 2392 512 2462 eius
525 2393 610 2462 meis
624 2394 783 2464 tenebam
798 2396 973 2477 manibus;
995 2397 1078 2479 quin
1093 2404 1129 2466 et
1144 2419 1222 2466 cum
1242 2419 1281 2466 eo
1296 2397 1437 2466 collocu-

437 2499 495 2562 tus
510 2515 603 2564 eram
618 2501 710 2564 -et
725 2501 766 2564 ut
780 2517 872 2565 nunc
886 2495 1008 2564 miram
1023 2496 1129 2566 civilis
1144 2518 1183 2566 ac
1197 2496 1292 2578 politi
1319 2496 1437 2566 Felicis

436 2593 589 2664 Armand
603 2595 823 2664 conversandi
838 2596 1043 2665 suavitatem
1058 2596 1093 2664 in
1108 2604 1258 2665 mentem
1269 2595 1436 2678 revocavi,

434 2696 583 2778 aliquam
597 2701 730 2778 partem
744 2695 979 2766 insolitissimae
994 2697 1067 2765 eius
1087 2697 1191 2766 farnae
1215 2696 1361 2779 denique
1387 2697 1436 2765 in·

436 2795 588 2878 telligere
610 2795 706 2878 coepi.

521 2895 633 2965 “Nihil
649 2896 691 2965 de
706 2918 746 2965 eo
761 2896 887 2979 ambigi
902 2897 1044 2980 potest?
1059 2897 1170 2978 inquit
1185 2895 1346 2980 Godtrey,
1367 2919 1438 2966 ma·

437 3019 522 3066 num
537 2996 580 3066 ad
596 2996 803 3111 recipiendas
817 2995 948 3066 litteras
962 2996 1147 3079 porrigens,
1164 3004 1199 3066 et
1222 2997 1266 3067 ad
1289 3004 1437 3066 contem·

437 3097 578 3180 plandas
592 3118 650 3166 eas
664 3097 699 3165 in
715 3097 796 3166 sella
810 3096 984 3166 reclinans
1009 3095 1199 3166 “Crochard
1213 3118 1306 3166 unus
1321 3104 1373 3167 est
1387 3097 1437 3167 fa-

437 3197 702 3266 mosissimorum
730 3197 787 3280 qni
803 3219 957 3279 unquam
982 3196 1144 3266 vixerunt
1168 3197 1437 3278 malefactorum,

438 3296 627 3379 phantasiae
653 3297 829 3367 adiument
814 3305 996 3380 torumque
1026 3296 1296 3379 referetissimus,
1323 3297 1439 3380 quiet

438 3398 551 3480 lep6re
566 3397 657 3466 cluet
672 3398 874 3468 acutissimo.
891 3398 956 3466 Per
971 3420 1078 3466 annos
1092 3419 1159 3466 non
1175 3397 1376 3467 destitimus
1390 3397 1440 3467 vi·

437 3503 484 3567 tae
498 3497 673 3580 rationem,
689 3505 729 3566 ut
744 3498 865 3567 litteris
887 3497 1103 3580 prodebatur,
1119 3497 1301 3567 lectitando
1327 3519 1439 3580 prose·
1516 3555 1520 3568 .

440 3597 500 3680 qui
514 3631 556 3642 -
570 3605 674 3680 atque
688 3598 766 3668 inde
781 3599 925 3680 primam
936 3598 1155 3680 suspitionem
1165 3619 1351 3681 ansamque
1362 3620 1438 3667 sum

438 3703 569 3768 nactus.
593 3699 668 3781 lpse
683 3699 751 3768 iam
766 3705 868 3768 antea
882 3698 1054 3767 hominem
1076 3697 1206 3778 occidit,
1229 3698 1278 3766 ita
1292 3705 1334 3767 ut
1348 3698 1440 3768 hunc

437 3797 615 3868 occiderat.
637 3799 764 3868 Iseum
779 3798 926 3869 decuriae
940 3798 1143 3880 prodiderat.
1174 3797 1363 3880 Nunquam
1378 3798 1439 3867 ite-

440 3922 518 3970 rum
533 3898 688 3982 proditus
703 3899 787 3968 est.''

523 3999 721 4083 “Quantum
750 3999 939 4069 daemonem
972 4020 1053 4068 eum
1083 4020 1155 4068 esse
1183 4019 1319 4068 necesse
1349 3998 1439 4069 est!”

439 4101 700 4171 contremiscens
714 4100 909 4169 exclamavi.

524 4201 572 4272 At
586 4201 739 4285 Godfrey
753 4202 863 4283 capite
878 4200 945 4270 cito
960 4199 1083 4270 renuit
