<?xml version="1.0" encoding="UTF-8"?>
<!DOCTYPE html PUBLIC "-//W3C//DTD XHTML 1.0 Transitional//EN"
    "http://www.w3.org/TR/xhtml1/DTD/xhtml1-transitional.dtd">
<html xmlns="http://www.w3.org/1999/xhtml" xml:lang="en" lang="en">
 <head>
  <title>
</title>
<meta http-equiv="Content-Type" content="text/html;charset=utf-8" />
  <meta name='ocr-system' content='tesseract 3.04.00' />
  <meta name='ocr-capabilities' content='ocr_page ocr_carea ocr_par ocr_line ocrx_word'/>
</head>
<body>
  <div class='ocr_page' id='page_1' title='image "./mysteriumarcbou00mogygoog/mysteriumarcbou00mogygoog_0196.png"; bbox 0 0 3536 5156; ppageno 0'>
   <div class='ocr_carea' id='block_1_1' title="bbox 596 853 1354 927">
    <p class='ocr_par' dir='ltr' id='par_1_1' title="bbox 596 853 1354 927">
     <span class='ocr_line' id='line_1_1' title="bbox 596 853 1354 927; baseline -0.003 -1"><span class='ocrx_word' id='word_1_1' title='bbox 596 861 717 927; x_wconf 75' lang='lat' dir='ltr'><strong>nunus</strong></span> <span class='ocrx_word' id='word_1_2' title='bbox 737 870 894 926; x_wconf 70' lang='lat' dir='ltr'><strong>munem</strong></span> <span class='ocrx_word' id='word_1_3' title='bbox 915 869 1110 926; x_wconf 78' lang='lat' dir='ltr'><strong>commum</strong></span> <span class='ocrx_word' id='word_1_4' title='bbox 1293 853 1354 925; x_wconf 91' lang='lat'><strong>181</strong></span> 
     </span>
    </p>
   </div>
   <div class='ocr_carea' id='block_1_2' title="bbox 350 1039 1351 1222">
    <p class='ocr_par' dir='ltr' id='par_1_2' title="bbox 350 1039 1351 1222">
     <span class='ocr_line' id='line_1_2' title="bbox 350 1039 1351 1122; baseline 0.005 -16"><span class='ocrx_word' id='word_1_5' title='bbox 350 1059 444 1121; x_wconf 91' lang='lat' dir='ltr'><strong>num,</strong></span> <span class='ocrx_word' id='word_1_6' title='bbox 460 1059 563 1121; x_wconf 85' lang='lat' dir='ltr'><strong>quem</strong></span> <span class='ocrx_word' id='word_1_7' title='bbox 578 1039 716 1108; x_wconf 87' lang='lat' dir='ltr'><strong>maximi</strong></span> <span class='ocrx_word' id='word_1_8' title='bbox 729 1039 933 1122; x_wconf 82' lang='lat' dir='ltr'><strong>feceramus,</strong></span> <span class='ocrx_word' id='word_1_9' title='bbox 948 1039 1132 1110; x_wconf 85' lang='lat' dir='ltr'><strong>amisimus.</strong></span> <span class='ocrx_word' id='word_1_10' title='bbox 1155 1039 1245 1110; x_wconf 86' lang='lat' dir='ltr'><strong>Eum</strong></span> <span class='ocrx_word' id='word_1_11' title='bbox 1260 1039 1351 1111; x_wconf 91' lang='lat' dir='ltr'><strong>domi</strong></span> 
     </span>
     <span class='ocr_line' id='line_1_3' title="bbox 353 1138 1101 1222; baseline 0.001 -15"><span class='ocrx_word' id='word_1_12' title='bbox 353 1159 425 1208; x_wconf 86' lang='lat' dir='ltr'><strong>suae</strong></span> <span class='ocrx_word' id='word_1_13' title='bbox 438 1145 614 1208; x_wconf 89' lang='lat' dir='ltr'><strong>mortuum</strong></span> <span class='ocrx_word' id='word_1_14' title='bbox 629 1145 805 1222; x_wconf 86' lang='lat' dir='ltr'><strong>repertum</strong></span> <span class='ocrx_word' id='word_1_15' title='bbox 821 1138 1053 1209; x_wconf 87' lang='lat' dir='ltr'><strong>memoravisti</strong></span> <span class='ocrx_word' id='word_1_16' title='bbox 1063 1139 1101 1208; x_wconf 81' lang='lat'><strong>?’&#39;</strong></span> 
     </span>
    </p>
   </div>
   <div class='ocr_carea' id='block_1_3' title="bbox 349 1252 1354 1525">
    <p class='ocr_par' dir='ltr' id='par_1_3' title="bbox 349 1252 1354 1525">
     <span class='ocr_line' id='line_1_4' title="bbox 434 1252 1353 1338; baseline 0.003 -15"><span class='ocrx_word' id='word_1_17' title='bbox 434 1252 560 1324; x_wconf 85' lang='lat' dir='ltr'><strong>“Recte</strong></span> <span class='ocrx_word' id='word_1_18' title='bbox 575 1255 768 1338; x_wconf 83' lang='lat' dir='ltr'><strong>meministi,</strong></span> <span class='ocrx_word' id='word_1_19' title='bbox 783 1263 941 1326; x_wconf 91' lang='lat' dir='ltr'><strong>mortuus</strong></span> <span class='ocrx_word' id='word_1_20' title='bbox 956 1263 1073 1326; x_wconf 88' lang='lat' dir='ltr'><strong>autem</strong></span> <span class='ocrx_word' id='word_1_21' title='bbox 1087 1262 1140 1325; x_wconf 91' lang='lat' dir='ltr'><strong>est</strong></span> <span class='ocrx_word' id='word_1_22' title='bbox 1166 1278 1185 1327; x_wconf 91' lang='lat' dir='ltr'><strong>e</strong></span> <span class='ocrx_word' id='word_1_23' title='bbox 1211 1256 1353 1326; x_wconf 88' lang='lat' dir='ltr'><strong>minutis</strong></span> 
     </span>
     <span class='ocr_line' id='line_1_5' title="bbox 350 1355 1354 1439; baseline 0.004 -16"><span class='ocrx_word' id='word_1_24' title='bbox 350 1355 386 1423; x_wconf 91' lang='lat' dir='ltr'><strong>in</strong></span> <span class='ocrx_word' id='word_1_25' title='bbox 401 1375 505 1424; x_wconf 92' lang='lat' dir='ltr'><strong>manu</strong></span> <span class='ocrx_word' id='word_1_26' title='bbox 522 1355 665 1437; x_wconf 83' lang='lat' dir='ltr'><strong>geminis</strong></span> <span class='ocrx_word' id='word_1_27' title='bbox 680 1355 888 1439; x_wconf 86' lang='lat' dir='ltr'><strong>vulneribus,</strong></span> <span class='ocrx_word' id='word_1_28' title='bbox 904 1357 939 1426; x_wconf 92' lang='lat' dir='ltr'><strong>in</strong></span> <span class='ocrx_word' id='word_1_29' title='bbox 955 1377 1033 1439; x_wconf 86' lang='lat' dir='ltr'><strong>quae</strong></span> <span class='ocrx_word' id='word_1_30' title='bbox 1055 1355 1202 1427; x_wconf 82' lang='lat' dir='ltr'><strong>maxime</strong></span> <span class='ocrx_word' id='word_1_31' title='bbox 1227 1356 1354 1427; x_wconf 87' lang='lat' dir='ltr'><strong>lethale</strong></span> 
     </span>
     <span class='ocr_line' id='line_1_6' title="bbox 349 1454 780 1525; baseline 0 -1"><span class='ocrx_word' id='word_1_32' title='bbox 349 1454 446 1524; x_wconf 87' lang='lat' dir='ltr'><strong>virus</strong></span> <span class='ocrx_word' id='word_1_33' title='bbox 459 1461 534 1525; x_wconf 85' lang='lat' dir='ltr'><strong>erat</strong></span> <span class='ocrx_word' id='word_1_34' title='bbox 548 1455 780 1524; x_wconf 86' lang='lat' dir='ltr'><strong>instillatum.”</strong></span> 
     </span>
    </p>
   </div>
   <div class='ocr_carea' id='block_1_4' title="bbox 350 1568 1350 1740">
    <p class='ocr_par' dir='ltr' id='par_1_4' title="bbox 350 1568 1350 1740">
     <span class='ocr_line' id='line_1_7' title="bbox 432 1568 1350 1656; baseline 0.003 -16"><span class='ocrx_word' id='word_1_35' title='bbox 432 1568 540 1641; x_wconf 89' lang='lat' dir='ltr'><strong>“Mira</strong></span> <span class='ocrx_word' id='word_1_36' title='bbox 564 1592 694 1642; x_wconf 85' lang='lat' dir='ltr'><strong>narras.</strong></span> <span class='ocrx_word' id='word_1_37' title='bbox 726 1571 771 1642; x_wconf 83' lang='lat' dir='ltr'><strong>Et</strong></span> <span class='ocrx_word' id='word_1_38' title='bbox 797 1595 900 1656; x_wconf 85' lang='lat' dir='ltr'><strong>quem</strong></span> <span class='ocrx_word' id='word_1_39' title='bbox 925 1573 960 1642; x_wconf 93' lang='lat' dir='ltr'><strong>in</strong></span> <span class='ocrx_word' id='word_1_40' title='bbox 984 1573 1125 1644; x_wconf 87' lang='lat' dir='ltr'><strong>modum</strong></span> <span class='ocrx_word' id='word_1_41' title='bbox 1150 1595 1191 1643; x_wconf 88' lang='lat' dir='ltr'><strong>ea</strong></span> <span class='ocrx_word' id='word_1_42' title='bbox 1205 1573 1350 1643; x_wconf 81' lang='lat' dir='ltr'><strong>vulnera</strong></span> 
     </span>
     <span class='ocr_line' id='line_1_8' title="bbox 350 1670 636 1740; baseline 0.003 -1"><span class='ocrx_word' id='word_1_43' title='bbox 350 1677 448 1740; x_wconf 91' lang='lat' dir='ltr'><strong>erant</strong></span> <span class='ocrx_word' id='word_1_44' title='bbox 462 1670 591 1740; x_wconf 88' lang='lat' dir='ltr'><strong>inflicta</strong></span> <span class='ocrx_word' id='word_1_45' title='bbox 599 1671 636 1740; x_wconf 77' lang='lat'><strong>?”</strong></span> 
     </span>
    </p>
   </div>
   <div class='ocr_carea' id='block_1_5' title="bbox 432 1786 1108 1859">
    <p class='ocr_par' dir='ltr' id='par_1_5' title="bbox 432 1786 1108 1859">
     <span class='ocr_line' id='line_1_9' title="bbox 432 1786 1108 1859; baseline 0.004 -3"><span class='ocrx_word' id='word_1_46' title='bbox 432 1786 492 1857; x_wconf 92' lang='lat' dir='ltr'><strong>“Id</strong></span> <span class='ocrx_word' id='word_1_47' title='bbox 507 1787 686 1858; x_wconf 90' lang='lat' dir='ltr'><strong>nescimus.</strong></span> <span class='ocrx_word' id='word_1_48' title='bbox 709 1789 793 1858; x_wconf 86' lang='lat' dir='ltr'><strong>Mihi</strong></span> <span class='ocrx_word' id='word_1_49' title='bbox 808 1789 920 1858; x_wconf 90' lang='lat' dir='ltr'><strong>visum</strong></span> <span class='ocrx_word' id='word_1_50' title='bbox 937 1796 1012 1859; x_wconf 87' lang='lat' dir='ltr'><strong>erat</strong></span> <span class='ocrx_word' id='word_1_51' title='bbox 1029 1843 1036 1859; x_wconf 93' lang='lat'><em>.</em></span> <span class='ocrx_word' id='word_1_52' title='bbox 1053 1843 1062 1858; x_wconf 91' lang='lat'><strong>.</strong></span> <span class='ocrx_word' id='word_1_53' title='bbox 1079 1789 1108 1859; x_wconf 88' lang='lat'><strong>.&#39;’</strong></span> 
     </span>
    </p>
   </div>
   <div class='ocr_carea' id='block_1_6' title="bbox 349 1903 1450 2077">
    <p class='ocr_par' dir='ltr' id='par_1_6' title="bbox 349 1903 1450 2077">
     <span class='ocr_line' id='line_1_10' title="bbox 432 1903 1450 2008; baseline 0.002 -32"><span class='ocrx_word' id='word_1_54' title='bbox 432 1903 559 1988; x_wconf 86' lang='lat' dir='ltr'><strong>“Itane,</strong></span> <span class='ocrx_word' id='word_1_55' title='bbox 583 1927 704 1976; x_wconf 87' lang='lat' dir='ltr'><strong>revera</strong></span> <span class='ocrx_word' id='word_1_56' title='bbox 712 1906 748 1976; x_wconf 69' lang='lat' dir='ltr'><strong>Y’</strong></span> <span class='ocrx_word' id='word_1_57' title='bbox 774 1907 900 1990; x_wconf 87' lang='lat' dir='ltr'><strong>quaerit</strong></span> <span class='ocrx_word' id='word_1_58' title='bbox 925 1907 1141 1989; x_wconf 82' lang='lat' dir='ltr'><strong>fulgentibus</strong></span> <span class='ocrx_word' id='word_1_59' title='bbox 1166 1929 1209 1976; x_wconf 83' lang='lat' dir='ltr'><strong>ex</strong></span> <span class='ocrx_word' id='word_1_60' title='bbox 1234 1907 1352 1978; x_wconf 89' lang='lat' dir='ltr'><strong>incita-</strong></span> <span class='ocrx_word' id='word_1_61' title='bbox 1448 2002 1450 2008; x_wconf 68' lang='lat'>,</span> 
     </span>
     <span class='ocr_line' id='line_1_11' title="bbox 349 2007 595 2077; baseline 0.004 -2"><span class='ocrx_word' id='word_1_62' title='bbox 349 2014 466 2077; x_wconf 89' lang='lat' dir='ltr'><strong>mento</strong></span> <span class='ocrx_word' id='word_1_63' title='bbox 480 2007 595 2077; x_wconf 87' lang='lat' dir='ltr'><strong>oculis.</strong></span> 
     </span>
    </p>
   </div>
   <div class='ocr_carea' id='block_1_7' title="bbox 349 2121 1352 2306">
    <p class='ocr_par' dir='ltr' id='par_1_7' title="bbox 349 2121 1352 2306">
     <span class='ocr_line' id='line_1_12' title="bbox 432 2121 1352 2206; baseline 0.002 -14"><span class='ocrx_word' id='word_1_64' title='bbox 432 2121 575 2193; x_wconf 83' lang='lat' dir='ltr'><strong>“Paucis</strong></span> <span class='ocrx_word' id='word_1_65' title='bbox 587 2123 679 2192; x_wconf 91' lang='lat' dir='ltr'><strong>horis</strong></span> <span class='ocrx_word' id='word_1_66' title='bbox 694 2129 776 2193; x_wconf 87' lang='lat' dir='ltr'><strong>ante</strong></span> <span class='ocrx_word' id='word_1_67' title='bbox 791 2123 878 2192; x_wconf 89' lang='lat' dir='ltr'><strong>alius</strong></span> <span class='ocrx_word' id='word_1_68' title='bbox 893 2123 969 2206; x_wconf 88' lang='lat' dir='ltr'><strong>quis</strong></span> <span class='ocrx_word' id='word_1_69' title='bbox 980 2124 1099 2193; x_wconf 86' lang='lat' dir='ltr'><strong>eodem</strong></span> <span class='ocrx_word' id='word_1_70' title='bbox 1111 2123 1212 2193; x_wconf 89' lang='lat' dir='ltr'><strong>modo</strong></span> <span class='ocrx_word' id='word_1_71' title='bbox 1223 2123 1352 2194; x_wconf 87' lang='lat' dir='ltr'><strong>occisus</strong></span> 
     </span>
     <span class='ocr_line' id='line_1_13' title="bbox 349 2222 961 2306; baseline 0.002 -14"><span class='ocrx_word' id='word_1_72' title='bbox 349 2230 505 2306; x_wconf 82' lang='lat' dir='ltr'><strong>repertus</strong></span> <span class='ocrx_word' id='word_1_73' title='bbox 520 2229 573 2292; x_wconf 90' lang='lat' dir='ltr'><strong>est</strong></span> <span class='ocrx_word' id='word_1_74' title='bbox 587 2223 622 2292; x_wconf 90' lang='lat' dir='ltr'><strong>in</strong></span> <span class='ocrx_word' id='word_1_75' title='bbox 638 2223 758 2292; x_wconf 85' lang='lat' dir='ltr'><strong>eodem</strong></span> <span class='ocrx_word' id='word_1_76' title='bbox 773 2222 961 2294; x_wconf 90' lang='lat' dir='ltr'><strong>cubiculo.&#39;&#39;</strong></span> 
     </span>
    </p>
   </div>
   <div class='ocr_carea' id='block_1_8' title="bbox 346 2338 1350 2839">
    <p class='ocr_par' dir='ltr' id='par_1_8' title="bbox 432 2338 725 2422">
     <span class='ocr_line' id='line_1_14' title="bbox 432 2338 725 2422; baseline 0.003 -13"><span class='ocrx_word' id='word_1_77' title='bbox 432 2338 584 2422; x_wconf 87' lang='lat' dir='ltr'><strong>“Aliquis</strong></span> <span class='ocrx_word' id='word_1_78' title='bbox 598 2339 725 2410; x_wconf 79' lang='lat' dir='ltr'><strong>atius?”</strong></span> 
     </span>
    </p>

    <p class='ocr_par' dir='ltr' id='par_1_9' title="bbox 346 2454 1350 2839">
     <span class='ocr_line' id='line_1_15' title="bbox 430 2454 1349 2539; baseline 0 -14"><span class='ocrx_word' id='word_1_79' title='bbox 430 2454 657 2539; x_wconf 79' lang='lat' dir='ltr'><strong>“Peregrinus</strong></span> <span class='ocrx_word' id='word_1_80' title='bbox 672 2455 801 2539; x_wconf 86' lang='lat' dir='ltr'><strong>aliquis,</strong></span> <span class='ocrx_word' id='word_1_81' title='bbox 829 2456 887 2539; x_wconf 90' lang='lat' dir='ltr'><strong>qui</strong></span> <span class='ocrx_word' id='word_1_82' title='bbox 913 2456 1036 2526; x_wconf 87' lang='lat' dir='ltr'><strong>herum</strong></span> <span class='ocrx_word' id='word_1_83' title='bbox 1061 2455 1210 2526; x_wconf 87' lang='lat' dir='ltr'><strong>Vantine</strong></span> <span class='ocrx_word' id='word_1_84' title='bbox 1234 2456 1349 2527; x_wconf 87' lang='lat' dir='ltr'><strong>visum</strong></span> 
     </span>
     <span class='ocr_line' id='line_1_16' title="bbox 347 2555 1349 2640; baseline 0.001 -15"><span class='ocrx_word' id='word_1_85' title='bbox 347 2563 500 2625; x_wconf 88' lang='lat' dir='ltr'><strong>venerat.</strong></span> <span class='ocrx_word' id='word_1_86' title='bbox 516 2555 599 2625; x_wconf 90' lang='lat' dir='ltr'><strong>Mihi</strong></span> <span class='ocrx_word' id='word_1_87' title='bbox 613 2563 696 2625; x_wconf 88' lang='lat' dir='ltr'><strong>tunc</strong></span> <span class='ocrx_word' id='word_1_88' title='bbox 711 2556 824 2626; x_wconf 89' lang='lat' dir='ltr'><strong>visum</strong></span> <span class='ocrx_word' id='word_1_89' title='bbox 839 2563 912 2625; x_wconf 90' lang='lat' dir='ltr'><strong>erat</strong></span> <span class='ocrx_word' id='word_1_90' title='bbox 928 2563 1002 2625; x_wconf 91' lang='lat' dir='ltr'><strong>turn</strong></span> <span class='ocrx_word' id='word_1_91' title='bbox 1016 2555 1108 2626; x_wconf 93' lang='lat' dir='ltr'><strong>hunc</strong></span> <span class='ocrx_word' id='word_1_92' title='bbox 1120 2556 1349 2640; x_wconf 79' lang='lat' dir='ltr'><strong>peregrinum,</strong></span> 
     </span>
     <span class='ocr_line' id='line_1_17' title="bbox 348 2655 1349 2740; baseline -0.001 -14"><span class='ocrx_word' id='word_1_93' title='bbox 348 2663 423 2726; x_wconf 93' lang='lat' dir='ltr'><strong>tum</strong></span> <span class='ocrx_word' id='word_1_94' title='bbox 438 2655 561 2726; x_wconf 90' lang='lat' dir='ltr'><strong>herum</strong></span> <span class='ocrx_word' id='word_1_95' title='bbox 574 2655 722 2726; x_wconf 88' lang='lat' dir='ltr'><strong>Vantine</strong></span> <span class='ocrx_word' id='word_1_96' title='bbox 737 2657 908 2725; x_wconf 86' lang='lat' dir='ltr'><strong>occultum</strong></span> <span class='ocrx_word' id='word_1_97' title='bbox 920 2657 1103 2739; x_wconf 87' lang='lat' dir='ltr'><strong>quemdam</strong></span> <span class='ocrx_word' id='word_1_98' title='bbox 1113 2657 1277 2738; x_wconf 84' lang='lat' dir='ltr'><strong>forulum,</strong></span> <span class='ocrx_word' id='word_1_99' title='bbox 1289 2657 1349 2740; x_wconf 87' lang='lat' dir='ltr'><strong>qui</strong></span> 
     </span>
     <span class='ocr_line' id='line_1_18' title="bbox 346 2756 1350 2839; baseline 0.001 -14"><span class='ocrx_word' id='word_1_100' title='bbox 346 2757 381 2825; x_wconf 92' lang='lat' dir='ltr'><strong>in</strong></span> <span class='ocrx_word' id='word_1_101' title='bbox 398 2777 476 2825; x_wconf 86' lang='lat' dir='ltr'><strong>arca</strong></span> <span class='ocrx_word' id='word_1_102' title='bbox 492 2756 597 2825; x_wconf 76' lang='lat' dir='ltr'><strong>Boule</strong></span> <span class='ocrx_word' id='word_1_103' title='bbox 612 2756 750 2838; x_wconf 83' lang='lat' dir='ltr'><strong>latebat,</strong></span> <span class='ocrx_word' id='word_1_104' title='bbox 766 2763 984 2838; x_wconf 84' lang='lat' dir='ltr'><strong>temerantes,</strong></span> <span class='ocrx_word' id='word_1_105' title='bbox 999 2763 1145 2825; x_wconf 91' lang='lat' dir='ltr'><strong>mortem</strong></span> <span class='ocrx_word' id='word_1_106' title='bbox 1168 2756 1350 2839; x_wconf 88' lang='lat' dir='ltr'><strong>oppetivis·</strong></span> 
     </span>
    </p>
   </div>
   <div class='ocr_carea' id='block_1_9' title="bbox 346 2855 1350 3039">
    <p class='ocr_par' dir='ltr' id='par_1_10' title="bbox 346 2855 1350 3039">
     <span class='ocr_line' id='line_1_19' title="bbox 346 2855 1350 2939; baseline 0.001 -13"><span class='ocrx_word' id='word_1_107' title='bbox 346 2877 392 2926; x_wconf 90' lang='lat' dir='ltr'><strong>se.</strong></span> <span class='ocrx_word' id='word_1_108' title='bbox 415 2856 652 2939; x_wconf 82' lang='lat' dir='ltr'><strong>Quidquamne</strong></span> <span class='ocrx_word' id='word_1_109' title='bbox 669 2855 741 2938; x_wconf 89' lang='lat' dir='ltr'><strong>tibi,</strong></span> <span class='ocrx_word' id='word_1_110' title='bbox 757 2857 847 2925; x_wconf 88' lang='lat' dir='ltr'><strong>Here</strong></span> <span class='ocrx_word' id='word_1_111' title='bbox 862 2856 1024 2938; x_wconf 89' lang='lat' dir='ltr'><strong>Annand,</strong></span> <span class='ocrx_word' id='word_1_112' title='bbox 1051 2857 1093 2926; x_wconf 90' lang='lat' dir='ltr'><strong>de</strong></span> <span class='ocrx_word' id='word_1_113' title='bbox 1114 2856 1255 2926; x_wconf 89' lang='lat' dir='ltr'><strong>historia</strong></span> <span class='ocrx_word' id='word_1_114' title='bbox 1276 2856 1350 2927; x_wconf 88' lang='lat' dir='ltr'><strong>eius</strong></span> 
     </span>
     <span class='ocr_line' id='line_1_20' title="bbox 346 2955 739 3039; baseline 0 -14"><span class='ocrx_word' id='word_1_115' title='bbox 346 2977 434 3026; x_wconf 87' lang='lat' dir='ltr'><strong>arcae</strong></span> <span class='ocrx_word' id='word_1_116' title='bbox 449 2956 625 3039; x_wconf 78' lang='lat' dir='ltr'><strong>cognitum</strong></span> <span class='ocrx_word' id='word_1_117' title='bbox 640 2961 693 3025; x_wconf 87' lang='lat' dir='ltr'><strong>est</strong></span> <span class='ocrx_word' id='word_1_118' title='bbox 701 2955 739 3025; x_wconf 83' lang='lat'><strong>?”</strong></span> 
     </span>
    </p>
   </div>
   <div class='ocr_carea' id='block_1_10' title="bbox 346 3071 1349 3356">
    <p class='ocr_par' dir='ltr' id='par_1_11' title="bbox 346 3071 1349 3356">
     <span class='ocr_line' id='line_1_21' title="bbox 429 3071 1346 3156; baseline 0 -14"><span class='ocrx_word' id='word_1_119' title='bbox 429 3071 573 3142; x_wconf 89' lang='lat' dir='ltr'><strong>“Arcam</strong></span> <span class='ocrx_word' id='word_1_120' title='bbox 587 3072 675 3142; x_wconf 86' lang='lat' dir='ltr'><strong>hanc</strong></span> <span class='ocrx_word' id='word_1_121' title='bbox 690 3094 752 3156; x_wconf 89' lang='lat' dir='ltr'><strong>pro</strong></span> <span class='ocrx_word' id='word_1_122' title='bbox 767 3072 924 3142; x_wconf 86' lang='lat' dir='ltr'><strong>Matrona</strong></span> <span class='ocrx_word' id='word_1_123' title='bbox 939 3072 981 3142; x_wconf 89' lang='lat' dir='ltr'><strong>de</strong></span> <span class='ocrx_word' id='word_1_124' title='bbox 997 3072 1199 3155; x_wconf 82' lang='lat' dir='ltr'><strong>Montespan</strong></span> <span class='ocrx_word' id='word_1_125' title='bbox 1214 3072 1259 3142; x_wconf 93' lang='lat' dir='ltr'><strong>ab</strong></span> <span class='ocrx_word' id='word_1_126' title='bbox 1272 3072 1346 3155; x_wconf 83' lang='lat' dir='ltr'><strong>ipso</strong></span> 
     </span>
     <span class='ocr_line' id='line_1_22' title="bbox 346 3172 1347 3255; baseline 0 -13"><span class='ocrx_word' id='word_1_127' title='bbox 346 3173 428 3242; x_wconf 91' lang='lat' dir='ltr'><strong>hero</strong></span> <span class='ocrx_word' id='word_1_128' title='bbox 455 3173 560 3242; x_wconf 73' lang='lat' dir='ltr'><strong>Boute</strong></span> <span class='ocrx_word' id='word_1_129' title='bbox 586 3173 715 3242; x_wconf 83' lang='lat' dir='ltr'><strong>factam</strong></span> <span class='ocrx_word' id='word_1_130' title='bbox 741 3195 814 3242; x_wconf 91' lang='lat' dir='ltr'><strong>esse</strong></span> <span class='ocrx_word' id='word_1_131' title='bbox 839 3172 1040 3254; x_wconf 86' lang='lat' dir='ltr'><strong>credimus,”</strong></span> <span class='ocrx_word' id='word_1_132' title='bbox 1066 3172 1240 3254; x_wconf 84' lang='lat' dir='ltr'><strong>respondit</strong></span> <span class='ocrx_word' id='word_1_133' title='bbox 1265 3172 1347 3255; x_wconf 87' lang='lat' dir='ltr'><strong>ipse.</strong></span> 
     </span>
     <span class='ocr_line' id='line_1_23' title="bbox 346 3271 1349 3356; baseline -0.001 -14"><span class='ocrx_word' id='word_1_134' title='bbox 346 3271 449 3342; x_wconf 85' lang='lat' dir='ltr'><strong>“Haec</strong></span> <span class='ocrx_word' id='word_1_135' title='bbox 464 3280 517 3343; x_wconf 90' lang='lat' dir='ltr'><strong>est</strong></span> <span class='ocrx_word' id='word_1_136' title='bbox 531 3273 642 3356; x_wconf 89' lang='lat' dir='ltr'><strong>prima</strong></span> <span class='ocrx_word' id='word_1_137' title='bbox 655 3281 691 3341; x_wconf 86' lang='lat' dir='ltr'><strong>et</strong></span> <span class='ocrx_word' id='word_1_138' title='bbox 705 3272 888 3355; x_wconf 83' lang='lat' dir='ltr'><strong>originaria</strong></span> <span class='ocrx_word' id='word_1_139' title='bbox 903 3273 976 3341; x_wconf 90' lang='lat' dir='ltr'><strong>eius</strong></span> <span class='ocrx_word' id='word_1_140' title='bbox 991 3292 1069 3354; x_wconf 86' lang='lat' dir='ltr'><strong>quae</strong></span> <span class='ocrx_word' id='word_1_141' title='bbox 1083 3272 1223 3341; x_wconf 91' lang='lat' dir='ltr'><strong>nuncin</strong></span> <span class='ocrx_word' id='word_1_142' title='bbox 1236 3271 1349 3342; x_wconf 89' lang='lat' dir='ltr'><strong>Louv-</strong></span> 
     </span>
    </p>
   </div>
   <div class='ocr_carea' id='block_1_11' title="bbox 344 3371 1309 3456">
    <p class='ocr_par' dir='ltr' id='par_1_12' title="bbox 344 3371 1309 3456">
     <span class='ocr_line' id='line_1_24' title="bbox 344 3371 1309 3456; baseline 0 -15"><span class='ocrx_word' id='word_1_143' title='bbox 344 3394 382 3442; x_wconf 93' lang='lat' dir='ltr'><strong>re</strong></span> <span class='ocrx_word' id='word_1_144' title='bbox 397 3379 459 3455; x_wconf 90' lang='lat' dir='ltr'><strong>est,</strong></span> <span class='ocrx_word' id='word_1_145' title='bbox 475 3373 517 3442; x_wconf 92' lang='lat' dir='ltr'><strong>de</strong></span> <span class='ocrx_word' id='word_1_146' title='bbox 534 3395 602 3456; x_wconf 87' lang='lat' dir='ltr'><strong>qua</strong></span> <span class='ocrx_word' id='word_1_147' title='bbox 615 3373 697 3442; x_wconf 87' lang='lat' dir='ltr'><strong>satis</strong></span> <span class='ocrx_word' id='word_1_148' title='bbox 710 3379 844 3442; x_wconf 88' lang='lat' dir='ltr'><strong>constat</strong></span> <span class='ocrx_word' id='word_1_149' title='bbox 860 3371 1024 3441; x_wconf 86' lang='lat' dir='ltr'><strong>Ludovici</strong></span> <span class='ocrx_word' id='word_1_150' title='bbox 1040 3371 1157 3454; x_wconf 82' lang='lat' dir='ltr'><strong>Magni</strong></span> <span class='ocrx_word' id='word_1_151' title='bbox 1171 3371 1309 3442; x_wconf 82' lang='lat' dir='ltr'><strong>fuisse.&#39;&#39;</strong></span> 
     </span>
    </p>
   </div>
   <div class='ocr_carea' id='block_1_12' title="bbox 345 3503 1346 3688">
    <p class='ocr_par' dir='ltr' id='par_1_13' title="bbox 345 3503 1346 3688">
     <span class='ocr_line' id='line_1_25' title="bbox 429 3503 1346 3589; baseline -0.001 -13"><span class='ocrx_word' id='word_1_152' title='bbox 429 3505 503 3576; x_wconf 86' lang='lat' dir='ltr'><strong>“Ita</strong></span> <span class='ocrx_word' id='word_1_153' title='bbox 517 3513 553 3576; x_wconf 89' lang='lat' dir='ltr'><strong>et</strong></span> <span class='ocrx_word' id='word_1_154' title='bbox 567 3507 715 3577; x_wconf 86' lang='lat' dir='ltr'><strong>Vantine</strong></span> <span class='ocrx_word' id='word_1_155' title='bbox 731 3506 905 3589; x_wconf 86' lang='lat' dir='ltr'><strong>credidit,”</strong></span> <span class='ocrx_word' id='word_1_156' title='bbox 920 3505 1052 3576; x_wconf 89' lang='lat' dir='ltr'><strong>affirmo</strong></span> <span class='ocrx_word' id='word_1_157' title='bbox 1067 3526 1142 3588; x_wconf 81' lang='lat' dir='ltr'><strong>ego.</strong></span> <span class='ocrx_word' id='word_1_158' title='bbox 1169 3503 1291 3575; x_wconf 89' lang='lat' dir='ltr'><strong>“Unde</strong></span> <span class='ocrx_word' id='word_1_159' title='bbox 1312 3505 1346 3576; x_wconf 89' lang='lat' dir='ltr'><strong>id</strong></span> 
     </span>
     <span class='ocr_line' id='line_1_26' title="bbox 345 3606 739 3688; baseline 0 -11"><span class='ocrx_word' id='word_1_160' title='bbox 345 3607 533 3688; x_wconf 86' lang='lat' dir='ltr'><strong>deduxerit,</strong></span> <span class='ocrx_word' id='word_1_161' title='bbox 548 3607 662 3677; x_wconf 89' lang='lat' dir='ltr'><strong>nescio</strong></span> <span class='ocrx_word' id='word_1_162' title='bbox 678 3606 739 3652; x_wconf 88' lang='lat'><strong>-’&#39;</strong></span> 
     </span>
    </p>
   </div>
   <div class='ocr_carea' id='block_1_13' title="bbox 344 3721 1347 4007">
    <p class='ocr_par' dir='ltr' id='par_1_14' title="bbox 344 3721 1347 4007">
     <span class='ocr_line' id='line_1_27' title="bbox 428 3721 1345 3806; baseline -0.001 -14"><span class='ocrx_word' id='word_1_163' title='bbox 428 3722 563 3793; x_wconf 89' lang='lat' dir='ltr'><strong>“Herus</strong></span> <span class='ocrx_word' id='word_1_164' title='bbox 577 3723 725 3794; x_wconf 90' lang='lat' dir='ltr'><strong>Vantine</strong></span> <span class='ocrx_word' id='word_1_165' title='bbox 740 3722 788 3792; x_wconf 88' lang='lat' dir='ltr'><strong>rei</strong></span> <span class='ocrx_word' id='word_1_166' title='bbox 803 3722 934 3806; x_wconf 87' lang='lat' dir='ltr'><strong>peritus</strong></span> <span class='ocrx_word' id='word_1_167' title='bbox 947 3723 1047 3806; x_wconf 83' lang='lat' dir='ltr'><strong>fuit,”</strong></span> <span class='ocrx_word' id='word_1_168' title='bbox 1062 3723 1167 3792; x_wconf 88' lang='lat' dir='ltr'><strong>herus</strong></span> <span class='ocrx_word' id='word_1_169' title='bbox 1192 3721 1345 3792; x_wconf 89' lang='lat' dir='ltr'><strong>Armand</strong></span> 
     </span>
     <span class='ocr_line' id='line_1_28' title="bbox 345 3821 1347 3906; baseline -0.002 -12"><span class='ocrx_word' id='word_1_170' title='bbox 345 3823 552 3906; x_wconf 86' lang='lat' dir='ltr'><strong>compositus</strong></span> <span class='ocrx_word' id='word_1_171' title='bbox 566 3823 749 3906; x_wconf 87' lang='lat' dir='ltr'><strong>respondit.</strong></span> <span class='ocrx_word' id='word_1_172' title='bbox 771 3822 881 3892; x_wconf 88' lang='lat' dir='ltr'><strong>“Sunt</strong></span> <span class='ocrx_word' id='word_1_173' title='bbox 895 3822 986 3892; x_wconf 89' lang='lat' dir='ltr'><strong>enirn</strong></span> <span class='ocrx_word' id='word_1_174' title='bbox 1001 3823 1090 3892; x_wconf 90' lang='lat' dir='ltr'><strong>circa</strong></span> <span class='ocrx_word' id='word_1_175' title='bbox 1113 3843 1189 3891; x_wconf 87' lang='lat' dir='ltr'><strong>earn</strong></span> <span class='ocrx_word' id='word_1_176' title='bbox 1213 3821 1347 3904; x_wconf 89' lang='lat' dir='ltr'><strong>indicia,</strong></span> 
     </span>
     <span class='ocr_line' id='line_1_29' title="bbox 344 3922 940 4007; baseline -0.003 -14"><span class='ocrx_word' id='word_1_177' title='bbox 344 3945 422 4007; x_wconf 84' lang='lat' dir='ltr'><strong>quae</strong></span> <span class='ocrx_word' id='word_1_178' title='bbox 436 3945 538 3993; x_wconf 92' lang='lat' dir='ltr'><strong>nemo</strong></span> <span class='ocrx_word' id='word_1_179' title='bbox 553 3923 683 4006; x_wconf 87' lang='lat' dir='ltr'><strong>peritus</strong></span> <span class='ocrx_word' id='word_1_180' title='bbox 697 3922 940 4005; x_wconf 87' lang='lat' dir='ltr'><strong>ignoraverit.”</strong></span> 
     </span>
    </p>
   </div>
   <div class='ocr_carea' id='block_1_14' title="bbox 345 4037 1346 4223">
    <p class='ocr_par' dir='ltr' id='par_1_15' title="bbox 345 4037 1346 4223">
     <span class='ocr_line' id='line_1_30' title="bbox 428 4037 1346 4120; baseline -0.005 -10"><span class='ocrx_word' id='word_1_181' title='bbox 428 4039 519 4110; x_wconf 85' lang='lat' dir='ltr'><strong>“Ista</strong></span> <span class='ocrx_word' id='word_1_182' title='bbox 544 4062 631 4109; x_wconf 87' lang='lat' dir='ltr'><strong>arcae</strong></span> <span class='ocrx_word' id='word_1_183' title='bbox 657 4039 806 4116; x_wconf 82' lang='lat' dir='ltr'><strong>historia.</strong></span> <span class='ocrx_word' id='word_1_184' title='bbox 832 4039 876 4108; x_wconf 90' lang='lat' dir='ltr'><strong>ab</strong></span> <span class='ocrx_word' id='word_1_185' title='bbox 901 4061 942 4109; x_wconf 90' lang='lat' dir='ltr'><strong>eo</strong></span> <span class='ocrx_word' id='word_1_186' title='bbox 957 4037 1177 4120; x_wconf 85' lang='lat' dir='ltr'><strong>coniectata,”</strong></span> <span class='ocrx_word' id='word_1_187' title='bbox 1192 4037 1346 4120; x_wconf 87' lang='lat' dir='ltr'><strong>inquam,</strong></span> 
     </span>
     <span class='ocr_line' id='line_1_31' title="bbox 345 4139 1346 4223; baseline -0.005 -11"><span class='ocrx_word' id='word_1_188' title='bbox 345 4139 448 4212; x_wconf 91' lang='lat' dir='ltr'><strong>“mihi</strong></span> <span class='ocrx_word' id='word_1_189' title='bbox 463 4141 507 4211; x_wconf 88' lang='lat' dir='ltr'><strong>ad</strong></span> <span class='ocrx_word' id='word_1_190' title='bbox 521 4139 728 4210; x_wconf 86' lang='lat' dir='ltr'><strong>credendum</strong></span> <span class='ocrx_word' id='word_1_191' title='bbox 741 4161 860 4209; x_wconf 89' lang='lat' dir='ltr'><strong>ansam</strong></span> <span class='ocrx_word' id='word_1_192' title='bbox 875 4139 1022 4223; x_wconf 85' lang='lat' dir='ltr'><strong>praebuit</strong></span> <span class='ocrx_word' id='word_1_193' title='bbox 1036 4161 1161 4220; x_wconf 84' lang='lat' dir='ltr'><strong>arcam,</strong></span> <span class='ocrx_word' id='word_1_194' title='bbox 1183 4159 1262 4220; x_wconf 83' lang='lat' dir='ltr'><strong>quae</strong></span> <span class='ocrx_word' id='word_1_195' title='bbox 1283 4159 1346 4220; x_wconf 86' lang='lat' dir='ltr'><strong>pro</strong></span> 
     </span>
    </p>
   </div>
   <div class='ocr_carea' id='block_1_15' title="bbox 0 0 1772 5156">
    <p class='ocr_par' dir='ltr' id='par_1_16' title="bbox 0 0 1772 5156">
     <span class='ocr_line' id='line_1_32' title="bbox 0 0 1772 5156; baseline 0 2"><span class='ocrx_word' id='word_1_196' title='bbox 0 0 1772 5156; x_wconf 95' lang='lat' dir='ltr'><strong> </strong></span> 
     </span>
    </p>
   </div>
  </div>
 </body>
</html>
