3554 5156
837 1911 988 1982 CAPUT
1009 1911 1056 1980 xl

798 2097 898 2167 Oculi
913 2097 1095 2166 Ardentes.

533 2283 610 2353 PRo
633 2281 818 2352 ΜοΜΕΝΤο
840 2279 1002 2364 temporis
1016 2279 1224 2362 gravitatem
1239 2279 1369 2349 rescissi
1382 2286 1451 2349 tor·

449 2385 518 2454 tilis
530 2389 639 2454 totam
654 2380 746 2451 haud
760 2380 919 2450 intellexi.
941 2381 987 2449 At
1009 2415 1050 2424 -
1071 2402 1150 2449 mox
1164 2379 1330 2464 perspexi.

535 2482 616 2553 “Illa
639 2504 715 2552 mea
738 2481 898 2561 somnia,”
920 2479 1057 2549 minime
1080 2489 1195 2550 motus
1217 2481 1369 2563 Godfrey
1392 2479 1450 2562 ait,

450 2583 596 2654 “iterum
605 2583 831 2652 revivescunt.
843 2581 973 2664 Aliquis
989 2581 1114 2650 etenim
1130 2580 1222 2650 viam
1238 2581 1300 2650 sibi
1313 2581 1348 2649 in
1363 2580 1450 2650 hanc
1533 2597 1538 2610 ·

451 2685 590 2756 domum
604 2684 671 2753 ista
684 2702 827 2764 vespera
840 2681 1067 2750 invadendam
1090 2681 1296 2764 parabat-
1319 2680 1450 2763 aliquis,

449 2785 579 2868 utique,
595 2783 650 2853 cui
664 2804 743 2852 arca
756 2781 814 2850 illa
828 2802 871 2850 ex
886 2803 922 2850 re
938 2781 1021 2851 est.”

535 2883 656 2955 “Certe
677 2883 732 2952 ille
761 2881 894 2952 nullum
924 2886 1061 2964 tempus
1088 2881 1216 2963 trivit,”
1246 2881 1453 2968 interpretor
1521 2915 1524 2924 *

449 3006 523 3069 ego·
535 3082 688 3154 “Sciebat
701 3102 823 3163 nempe
838 3081 971 3151 nullum
995 3081 1027 3149 ei
1048 3089 1238 3165 suppetere.
1276 3085 1390 3165 Quum
1411 3092 1452 3155 tu

451 3186 546 3256 foros
559 3205 617 3254 eos
631 3181 826 3266 pendendas
841 3182 978 3262 curasti,
992 3182 1046 3250 ille
1060 3182 1225 3252 intellexit
1240 3191 1275 3253 te
1289 3206 1369 3254 eum
1381 3207 1450 3255 mo·
1556 3251 1561 3260 ,

451 3286 576 3366 nuisse,
591 3283 829 3368 propositaque
845 3281 1063 3364 perspexisse.
1093 3284 1127 3351 N
1128 3305 1171 3350 on
1187 3283 1359 3366 ignoravit
1379 3285 1451 3368 ipse

357 3391 364 3404 '
453 3381 1051 3464 suscitabulum,set0rti1escissuro,
1075 3382 1290 3467 tinniturum,
1313 3385 1376 3454 nisi
1402 3407 1453 3454 es-

452 3495 504 3556 set
519 3484 728 3564 seiunctum;
744 3481 803 3550 sed
818 3481 889 3564 ipse
904 3503 1001 3564 aeque
1016 3483 1111 3551 novit
1133 3483 1255 3564 pacisci
1277 3505 1374 3566 posse
1397 3485 1453 3555 fu-

453 3593 572 3655 turum
586 3591 625 3653 ut
640 3582 723 3652 nulli
739 3582 773 3650 in
788 3580 889 3650 domo
904 3582 1104 3662 innotescat,
1119 3583 1146 3651 si
1161 3583 1232 3666 ipse
1261 3585 1375 3654 tortile
1396 3605 1453 3654 ru-

453 3685 551 3770 perit,
566 3705 630 3754 nec
643 3690 723 3752 ante
738 3682 924 3751 crastinum
938 3681 1028 3751 diem
1050 3690 1230 3765 rupturam
1254 3691 1453 3758 reparatum

451 3785 522 3855 mg!

537 3883 736 3966 “Numquid
751 3905 831 3952 eum
846 3881 973 3950 insidiis
995 3903 1115 3964 capere
1138 3904 1207 3952 non
1229 3885 1452 3967 possumus?'’

453 4005 571 4069 quaero
585 4005 659 4066 ego.

537 4082 705 4153 “Tentare
721 4082 858 4166 quidem
873 4101 1058 4165 possemus,
1074 4082 1132 4151 sed
1148 4089 1299 4166 coeptum
1313 4083 1358 4167 id,
1375 4083 1454 4154 Les-

454 4194 518 4268 ter,
532 4204 698 4269 perquam
714 4191 767 4253 est
782 4181 981 4252 lubricum.’'
