3536 5156
439 903 500 976 172
696 921 908 977 ursramuu
928 921 1037 978 roca
1050 917 1177 996 ‘roura

526 1086 636 1159 “Vera
649 1089 847 1173 memoras,'’
862 1090 910 1161 ait
933 1089 1095 1175 Godirey,
1118 1089 1203 1161 “nec
1227 1089 1291 1163 hoc
1315 1090 1441 1163 infitias

441 1188 482 1258 iri
506 1189 646 1274 patitur.
668 1187 702 1260 si
726 1190 817 1259 enim
839 1190 875 1260 id
901 1191 943 1261 de
966 1190 1114 1261 Vandne
1136 1191 1239 1274 valet,
1255 1191 1297 1261 de
1311 1191 1441 1263 Drouet

440 1309 577 1372 quoque
593 1287 729 1359 valebit.
751 1288 913 1372 Seouitur
927 1290 1006 1361 inde
1021 1290 1174 1362 forulum
1199 1313 1221 1360 a
1241 1298 1366 1362 neutro
1386 1291 1443 1362 fu·

440 1388 507 1458 isse
521 1396 689 1472 apertum.
711 1389 758 1458 At
773 1389 855 1472 quid
870 1397 946 1460 turn
955 1390 992 1460 ?''

526 1487 691 1559 “Prorsus
704 1487 855 1573 ignoro,''
876 1490 949 1560 sine
964 1513 1024 1575 spe
1038 1491 1205 1575 respondi.
1227 1490 1342 1563 “Nihil
1361 1493 1441 1563 inde

442 1589 537 1674 sequi
552 1589 720 1660 videtur.”

527 1687 609 1759 “Est
623 1689 725 1759 tertia
740 1711 794 1760 ros
808 1689 844 1760 in
858 1691 1000 1774 medio‚”
1016 1693 1171 1776 suggerit
1185 1692 1346 1777 Godfrey.

525 1788 713 1870 “Quaenam
729 1811 770 1860 ea
784 1791 882 1860 est?”
897 1812 1024 1874 quaero.

525 1888 671 1959 “Manus
685 1911 764 1971 quae
778 1889 909 1960 Drouet
924 1898 959 1961 et
976 1892 1123 1963 Vantine
1137 1893 1313 1976 occiderat,
1328 1893 1441 1977 potuit

440 1997 476 2061 et
489 1989 643 2060 forulum
657 1989 846 2073 claudere,”
862 1991 1034 2074 respondit
1045 1993 1206 2077 Godfrey‚
1220 1993 1325 2064 oculis
1339 1993 1373 2063 in
1385 2015 1440 2064 me

442 2089 573 2160 levatis.

525 2188 591 2259 “Et
606 2188 736 2260 litteras
750 2197 865 2262 tamen
880 2190 927 2260 ibi
941 2191 1077 2275 reliquit
1084 2190 1120 2263 ?”
1136 2214 1254 2277 quaero
1264 2215 1338 2276 ego.
1354 2191 1442 2263 “Ne-

443 2289 649 2374 quaquam.'’

525 2389 661 2462 Auditis
674 2391 736 2474 his,
751 2391 889 2462 vultum
903 2392 947 2462 ad
960 2393 1146 2462 fenestram
1161 2393 1350 2466 tabulatam
1365 2415 1443 2464 con·

442 2490 557 2574 vertit,
571 2490 664 2560 unde
679 2490 827 2560 intellexi
842 2493 898 2562 cui
912 2514 971 2562 eas
984 2514 1108 2562 manus
1131 2494 1366 2565 attribuendas
1381 2515 1442 2579 pu·

441 2597 542 2660 taret.

526 2689 748 2774 “Praeterea”
763 2691 852 2760 insto
866 2713 941 2775 ego,
966 2690 1135 2777 “quonam
1159 2693 1259 2764 modo
1282 2693 1353 2777 ipse
1374 2693 1442 2764 huc

443 2789 665 2873 penetraret?
686 2792 843 2871 Quonam
859 2791 959 2862 modo
974 2791 1159 2862 evaderet?
1180 2793 1351 2874 Quidnam
1371 2793 1443 2876 ipse

443 2889 628 2973 moliretur,
650 2889 677 2959 si
698 2890 829 2961 litteras
854 2912 922 2960 non
943 2890 1178 2962 sustulisset?”
1208 2892 1361 2963 Tandem
1384 2893 1442 2963 ad·

443 2989 583 3059 modum
611 2990 724 3060 fessus
753 2991 894 3061 surrexi.
916 2989 1009 3061 “lam
1034 2999 1171 3075 tempus
1193 2992 1276 3074 est,”
1290 2991 1441 3076 inquam,

444 3087 506 3159 “ut
520 3089 564 3159 ad
578 3089 746 3159 officinam
760 3091 906 3160 redeam.
923 3089 1031 3161 Hodie
1052 3091 1123 3163 dies
1143 3091 1281 3162 Saturni
1296 3099 1358 3175 est,
1372 3091 1443 3162 offi-

443 3189 554 3258 cinam
569 3188 653 3259 hora
668 3189 816 3259 secunda
831 3189 1029 3260 claudimus
1051 3190 1219 3261 veniesne
1233 3213 1367 3261 mecum
1376 3189 1413 3262 P'

528 3287 626 3358 “Non
640 3288 726 3372 ib0‚”
741 3289 931 3373 respondit;
946 3288 993 3359 “si
1009 3312 1069 3374 per
1082 3297 1118 3360 te
1131 3291 1219 3374 licet,
1230 3290 1443 3375 aliquantum

443 3386 578 3472 longius
591 3387 646 3458 hic
660 3388 827 3471 morabor,
841 3389 889 3459 mi
904 3389 1032 3472 Lester‚
1048 3389 1110 3459 has
1124 3411 1180 3460 res
1193 3390 1285 3461 ultro
1308 3410 1443 3460 mecum

442 3494 675 3571 reputaturus.
697 3487 854 3559 Fortasse
867 3488 903 3558 in
918 3489 1099 3559 veritatem
1114 3511 1195 3560 casu
1211 3489 1359 3572 quodam
1374 3489 1443 3558 for·

443 3587 533 3656 tuito
547 3586 692 3657 incidam
702 3585 731 3656 !”

876 3789 1019 3834 Ξ
