3554 5156
401 859 464 930 138
660 825 1201 929 ursrmruunaoraoura'

398 1041 514 1113 docuit
538 1041 643 1112 herus
665 1039 813 1112 Vantine
838 1061 907 1112 non
931 1061 1008 1112 eam
1021 1061 1095 1112 ease
1110 1061 1215 1124 quam
1228 1039 1301 1124 ipse
1315 1059 1401 1124 praa

358 1153 362 1161 '
400 1141 626 1213 stinavisset”

485 1241 609 1312 “Aiane
623 1262 774 1312 errorem
788 1241 824 1314 in
839 1239 1103 1312 transmittendo
1116 1239 1296 1312 factumt”

485 1341 559 1414 “Sic
574 1364 647 1412 rem
660 1341 941 1426 existimavimus,
956 1347 1061 1425 atque
1084 1341 1265 1414 remulcaie
1279 1339 1324 1410 ab
1338 1339 1402 1410 Ar-

403 1442 507 1514 mand
522 1448 557 1513 et
572 1441 641 1512 Fils
653 1441 688 1512 id
703 1441 949 1512 confirmavit’'

485 1543 597 1613 Herus
611 1542 835 1613 Homblower
849 1563 1034 1626 parumper
1054 1539 1273 1614 deliberabat

483 1641 653 1714 “Ubinam
676 1648 730 1713 est
751 1663 831 1712 arca
853 1663 957 1726 quam
979 1641 1084 1712 herus
1106 1641 1254 1713 Vantine
1280 1662 1401 1712 revera

402 1742 659 1828 praestinavit?”
681 1741 806 1826 quaerit
826 1740 983 1826 denique.

486 1842 655 1914 “Omnino
668 1842 792 1914 nescio.
814 1842 972 1914 Fortasse
986 1842 1099 1914 adhuc
1114 1841 1251 1913 Parisiis
1264 1841 1402 1913 atvs

403 1966 482 2015 rum
497 1942 667 2015 delectum
693 1941 876 2027 quemdam
901 1963 1020 2013 eorum
1043 1947 1202 2026 exspecto
1224 1964 1279 2012 me
1305 1942 1401 2012 brevi

403 2044 635 2126 visitamrum,
650 2043 708 2127 qui
724 2064 797 2112 rem
811 2041 987 2114 nobiscum
1001 2042 1213 2126 componat''

487 2143 661 2216 Salutator
688 2164 786 2213 meus
813 2142 940 2212 iterum
975 2141 1148 2225 conticuit,
1163 2149 1200 2214 et
1220 2142 1403 2213 obliviosus

403 2245 555 2315 frontem
569 2241 726 2314 fricabat.

487 2342 615 2415 “Valde
629 2349 683 2414 sat
695 2343 898 2426 curiosum,''
911 2343 1009 2413 fatur
1023 2341 1171 2414 tandem.
1187 2341 1243 2414 “Si
1256 2364 1335 2414 arca
1347 2363 1406 2414 us-

406 2465 472 2529 que
488 2443 625 2514 Parisiis
637 2449 737 2526 esset,
752 2443 945 2527 putandum
959 2443 1052 2513 foret
1072 2464 1221 2514 errorem
1245 2442 1402 2527 agnitum

404 2543 511 2614 fuisse
525 2550 711 2627 antequam
725 2564 802 2612 mea
815 2543 919 2613 cliens
933 2541 976 2612 de
991 2564 1032 2612 ea
1046 2542 1212 2614 scistitata
1225 2544 1345 2614 esseff’

488 2641 692 2726 “Complura
705 2643 771 2714 alia
785 2643 874 2713 circa
887 2642 976 2713 hanc
996 2663 1069 2712 rem
1084 2644 1184 2727 plane
1199 2650 1281 2715 sunt
1295 2643 1403 2714 curio

490 2842 750 2928 “Quidquamne
763 2842 912 2914 obstabit
925 2843 1108 2928 quominus
1129 2865 1206 2915 mea
1226 2845 1331 2915 cliens
1351 2865 1402 2916 ar·

406 2967 482 3016 cam
496 2943 647 3028 aspiciat,
662 2943 752 3014 Here
767 2944 932 3015 Lester?”

491 3045 592 3114 Nunc
604 3064 720 3113 meum
735 3050 811 3115 erat
824 3043 992 3115 dubitare.

490 3143 601 3214 “Here
616 3142 868 3228 Homblower,”
883 3142 1030 3229 denique
1052 3143 1219 3230 respondi,
1244 3143 1347 3216 “nihii
1368 3153 1404 3217 te

408 3245 510 3317 celari
524 3244 637 3315 velim.
652 3244 715 3314 Est
729 3243 901 3328 quoddam
921 3245 1122 3328 mysterium
1136 3247 1225 3317 circa
1238 3246 1339 3317 istam
1354 3267 1406 3318 ar·

407 3368 494 3429 cam,
510 3345 601 3429 quod
615 3345 746 3416 solvere
761 3367 861 3428 pares
875 3367 945 3416 non
958 3346 1098 3417 fuimus
1121 3345 1278 3417 Fortasse
1293 3346 1404 3431 legisti

409 3447 517 3517 relata
531 3443 574 3516 de
588 3444 789 3529 mysteriosa
802 3452 912 3515 morte
926 3445 1000 3516 heri
1014 3444 1172 3529 Vantine,
1197 3447 1406 3531 alteriusque

409 3543 586 3616 cuiusdam
600 3544 731 3626 Franci
757 3551 903 3629 uterque
925 3551 1083 3616 mortuus
1097 3553 1150 3616 est
1163 3545 1199 3618 in
1214 3547 1334 3618 eodem
1349 3567 1407 3618 cu·

409 3645 519 3716 biculo
533 3643 654 3716 domus
668 3644 825 3728 Vantine‚
840 3651 996 3728 uterque,
1012 3652 1053 3715 ut
1067 3643 1214 3730 videtur,
1229 3667 1273 3717 ex
1286 3646 1406 3718 eadem

409 3744 544 3817 causan

492 3845 568 3929 lpse
581 3843 711 3915 annuit

493 3943 738 4015 “Erdstimasne
752 3943 841 4015 hanc
856 3965 970 4015 arcam
993 3947 1062 4017 ullo
1085 3946 1186 4016 modo
1208 3945 1253 4018 ad
1267 3967 1407 4017 eausam

410 4044 586 4116 accessisse
596 4044 633 4114 ?'’
648 4043 716 4115 cito
731 4044 865 4127 quaerit

493 4143 568 4216 “lta
581 4142 1061 4231 credimus31ioethucusque
1085 4146 1169 4218 nihil
1183 4147 1328 4230 probare
1351 4169 1408 4233 po-
