3554 5156
581 874 755 932 scascrus
778 874 922 940 oumnu
945 874 1159 932 snsursron
1304 860 1367 931 1³9

365 1043 542 1114 tuerimus.
558 1042 623 1113 Sed
644 1065 736 1114 nunc
764 1065 878 1114 arcam
903 1044 1120 1115 solertissime
1144 1041 1364 1114 custodimus.

367 1143 433 1213 Per
447 1165 504 1214 me
517 1143 599 1212 nihil
615 1144 754 1227 quidem
769 1144 883 1215 obstat
897 1145 1079 1228 quominus
1093 1144 1197 1214 cliens
1211 1150 1274 1213 tua
1288 1164 1365 1213 eam

366 1243 491 1325 videat,
506 1243 683 1328 indulgere
698 1251 813 1314 tamen
828 1251 868 1315 ut
883 1251 1006 1328 tangat
1019 1267 1089 1315 non
1104 1266 1293 1329 possum-
1303 1249 1366 1313 aut

367 1345 487 1413 saltem
502 1344 585 1427 quin
600 1344 683 1415 sciat
698 1366 760 1415 cur
774 1345 808 1414 id
824 1367 928 1428 agere
954 1345 1046 1415 velit.
1069 1344 1265 1414 Memineris
1279 1343 1363 1414 nihil

367 1450 402 1513 te
416 1443 501 1513 mdri
514 1444 682 1514 revelasse
697 1466 803 1528 quare
818 1444 891 1528 ipsa
906 1467 982 1514 eam
998 1444 1113 1515 videre
1129 1445 1263 1515 vellet.”

450 1542 577 1627 “Atqui
592 1565 667 1627 ego,
683 1544 774 1615 Here
789 1545 918 1626 Lester,
946 1545 1180 1628 paratissimus
1194 1567 1270 1615 sum
1286 1566 1365 1614 cau·

367 1665 439 1713 sam
454 1643 516 1714 tibi
530 1644 713 1726 revelare,''
729 1645 850 1728 inquit.
888 1643 1001 1714 “Nihil
1016 1645 1080 1714 nisi
1096 1666 1234 1728 aequum
1250 1645 1365 1714 fecero

366 1745 395 1814 si
420 1750 456 1814 te
477 1742 512 1813 id
536 1742 693 1814 docuero.
718 1744 837 1815 Relata
863 1767 971 1828 quum
997 1745 1179 1827 audiveris
1194 1745 1222 1814 si
1237 1745 1299 1814 tibi
1315 1745 1364 1815 ita

368 1844 483 1914 visum
497 1843 615 1926 fuerit,
631 1844 824 1915 Matronam
839 1845 870 1914 X
885 1845 929 1916 ad
944 1866 1059 1915 arcam
1074 1845 1250 1916 visendam
1276 1845 1359 1916 acci-

365 1945 492 2015 emus''

450 2043 586 2128 “Est0,''
602 2045 792 2129 adstipulor
806 2044 863 2116 illi.

448 2145 524 2227 Ipse
538 2144 573 2214 in
589 2145 669 2214 sella
683 2145 876 2228 reclinatus,
891 2146 991 2216 vultu
1006 2145 1115 2229 gravi,

447 2243 579 2314 “Cliens
589 2245 695 2327 mea,”
707 2244 827 2328 inquit,
836 2244 909 2316 “est
919 2246 1075 2330 prosapia
1083 2247 1173 2318 clara
1181 2245 1360 2317 cuiusdam

363 2343 503 2414 familiae
516 2345 727 2414 Americanae
742 2381 783 2390 -
798 2367 963 2429 perquam
978 2346 1127 2416 illustris.
1164 2346 1291 2416 Tribus
1305 2368 1363 2416 an-

365 2445 418 2514 nis
432 2444 477 2514 ab
491 2444 570 2513 hinc
593 2445 711 2528 nupsit
731 2444 867 2516 cuidam
894 2446 998 2516 nobili
1023 2447 1164 2516 Franco.
1202 2447 1364 2516 Divinare

364 2547 511 2616 fortasse
528 2545 655 2628 poteris
668 2566 803 2628 nomen,
825 2567 891 2628 ego
913 2553 1029 2616 tamen
1052 2547 1162 2616 multo
1184 2548 1300 2617 malim
1323 2554 1363 2617 ut

363 2651 486 2716 neuter
499 2651 656 2715 nostrum
672 2647 859 2728 proferat.’'

448 2744 565 2828 Capite
580 2745 695 2815 annui.

449 2843 600 2915 “Nobilis
613 2845 677 2915 iste
692 2852 764 2915 tam
777 2845 943 2930 prodigus
964 2869 1067 2930 quam
1083 2847 1208 2917 infidus
1222 2847 1362 2920 exstitit.

366 2944 535 3014 Fortunas
549 2967 635 3015 meae
650 2945 781 3016 clientis
796 2947 892 3029 larga
906 2969 1010 3016 manu
1022 2947 1151 3017 solebat
1161 2946 1363 3017 diffundere.

366 3044 505 3114 Pellices
530 3066 610 3114 suas
634 3067 748 3116 coram
774 3068 815 3115 ea
843 3045 977 3130 publice
991 3054 1162 3116 ostentare
1178 3047 1363 3118 consuevit.

367 3139 456 3228 Quin
470 3151 506 3212 et
521 3151 655 3215 tentare
669 3145 818 3215 audebat
831 3146 919 3215 hanc
931 3146 1067 3229 adigere
1079 3153 1119 3216 ut
1128 3168 1234 3216 unam
1245 3167 1364 3216 earum

366 3243 458 3326 apud
473 3266 508 3314 se
522 3245 702 3328 exciperet.
726 3245 840 3315 Fateri
855 3246 965 3316 audeo
980 3269 1035 3316 me
1051 3269 1136 3330 eam,
1158 3245 1250 3330 quod
1270 3247 1364 3316 hunc

366 3366 433 3413 non
448 3344 517 3414 iam
533 3344 664 3414 dudum
678 3345 878 3428 reliquisset,
890 3347 1030 3417 stultam
1041 3346 1252 3416 iudicavisse.
1264 3346 1365 3416 Fidu-

365 3444 457 3513 ciarii
472 3443 618 3528 denique
642 3445 862 3515 fortunarum
883 3453 1049 3516 matronae
1075 3469 1110 3516 se
1135 3447 1364 3529 ingesserunt,

365 3565 445 3614 nam
461 3551 558 3626 pater
572 3545 733 3627 mulieris,
748 3567 810 3628 pro
824 3567 886 3615 sua
901 3546 1091 3629 prudentia,
1107 3555 1241 3630 partem
1254 3546 1365 3614 fortu-

366 3667 488 3714 narum
514 3644 593 3713 filiae
617 3644 653 3713 in
678 3644 837 3714 fiduciam
866 3646 1015 3716 tradidit.
1046 3645 1091 3715 Hi
1122 3647 1237 3717 debita
1250 3645 1365 3715 mariti

367 3744 606 3827 dissolverunt,
621 3745 826 3827 stipendium
842 3745 873 3813 ei
889 3753 1096 3828 statuerunt,
1118 3746 1259 3831 eiusque
1274 3746 1365 3817 debi-

366 3854 458 3915 tores
472 3851 680 3914 monuerunt
695 3845 816 3915 futura
831 3845 905 3914 eius
915 3845 1029 3915 debita
1044 3847 1193 3916 solutum
1208 3869 1276 3916 non
1291 3847 1363 3916 iri.''

449 3945 516 4014 Per
525 3945 589 4015 hoc
606 3952 742 4028 tempus
756 3967 880 4015 nomen
902 3967 974 4014 suae
998 3945 1131 4015 clientis
1150 3947 1270 4030 utique
1295 3946 1364 4017 iam

364 4045 527 4127 divinavi,
542 4045 711 4129 siquidem
727 4045 912 4128 singularia
938 4045 1011 4116 haec
1037 4067 1094 4115 ore
1119 4047 1271 4118 omnium
1296 4047 1364 4119 iam

366 4147 424 4218 diu
440 4147 540 4230 longe
566 4149 704 4230 lateque
728 4146 938 4230 ferebantur,
964 4168 1027 4217 nec
1053 4153 1106 4216 est
1130 4169 1193 4218 cur
1206 4169 1364 4220 moneam
