3536 5156
472 913 637 970 conanus(
652 915 822 970 onumen
837 914 1019 970 cosrrcru
1034 915 1140 970 rmus
1245 899 1308 969 221

393 1082 484 1153 “Ista
508 1084 673 1167 colloquia
699 1083 765 1154 alio
791 1104 926 1166 quoque
956 1083 1057 1152 modo
1087 1082 1165 1153 usui
1196 1083 1308 1164 sunt,”

308 1183 420 1268 pergit
436 1182 586 1267 Godfrey
602 1185 676 1254 iere
691 1205 752 1267 per
766 1184 957 1266 circuitum,
975 1182 1076 1253 “nam
1099 1205 1139 1253 ea
1158 1190 1194 1254 et
1215 1204 1309 1252 meas

308 1283 402 1354 ideas
416 1290 613 1367 repurgant.
629 1284 696 1355 Vnt
710 1283 891 1354 credideris
906 1291 1075 1366 quantum
1090 1283 1186 1353 iuvet
1201 1304 1309 1366 quum

309 1405 426 1454 casum
440 1405 557 1453 meum
572 1384 634 1453 tibi
648 1405 810 1468 propono,
826 1392 865 1452 tu
881 1391 999 1453 autern
1020 1391 1227 1467 argumenta
1249 1382 1310 1452 mi-

310 1484 345 1553 hi
360 1483 516 1553 obiectas.
549 1484 664 1567 Quum
690 1493 728 1554 tu
755 1483 1019 1566 iurisprudentia
1034 1484 1079 1553 sis
1094 1483 1308 1563 exercitatus,

310 1582 479 1653 contraria
502 1583 600 1653 facile
625 1584 857 1666 deprehendis,
887 1583 1044 1666 quocirca
1069 1582 1237 1653 difficilius
1257 1589 1309 1652 est

310 1684 520 1767 iurisperitos
535 1706 639 1767 quam
655 1684 808 1754 homines
822 1705 1019 1754 communes
1033 1704 1227 1766 coarguere.
1254 1683 1309 1752 Tu

311 1785 506 1868 experiente
522 1784 642 1853 doctus
667 1806 702 1852 es
727 1783 916 1853 evidentias
941 1783 1147 1865 ponderare;
1170 1782 1309 1866 proinde
1418 1819 1422 1826 ·

311 1905 488 1966 nunquam
503 1883 577 1953 sino
599 1905 654 1952 me
678 1883 817 1952 theoriis
839 1883 1003 1965 convinci,
1025 1883 1130 1952 donec
1152 1889 1189 1952 tu
1213 1904 1234 1952 a
1255 1904 1310 1952 me

310 1983 423 2053 victus
437 1982 491 2054 sis.
514 1983 603 2067 Quin
619 2005 663 2052 ne
678 1989 760 2052 tunc
782 1981 919 2065 quidem
946 1984 1108 2066 semper,'’
1133 1981 1310 2053 subridens

309 2084 439 2154 adiecit.

393 2183 523 2267 “Euge,
537 2191 676 2266 gratum
691 2182 772 2252 mihi
799 2189 851 2252 est
877 2181 961 2251 scire
987 2203 1042 2250 me
1068 2180 1210 2251 subinde
1232 2181 1310 2251 usui

311 2285 414 2366 esse,''
431 2283 587 2367 respondi
603 2282 755 2354 “etiamsi
771 2304 827 2352 cos
842 2281 943 2351 modo
957 2282 1030 2362 sim,
1057 2302 1125 2364 qua
1148 2281 1309 2352 iudicium

312 2391 411 2453 tuum
427 2405 581 2453 exacuas.
599 2382 744 2452 Prohinc
759 2383 843 2451 velis
858 2382 1049 2465 procedere,
1065 2382 1209 2464 plusque
1224 2403 1311 2451 som·

311 2484 414 2552 niare.
437 2483 498 2552 Dic
512 2483 607 2556 mihi.
626 2483 732 2565 sodes,
749 2481 897 2565 primum
912 2480 1019 2563 quiid
1035 2481 1203 2550 evenisset
1218 2488 1259 2550 ut
1270 2487 1310 2550 tu

312 2591 346 2654 et
361 2583 551 2653 Simmonds
564 2581 716 2652 Armand
732 2581 1010 2665 sequveremini.”

396 2683 517 2754 “Dictu
533 2683 625 2752 haud
647 2681 797 2763 difficile;
821 2682 901 2764 quia
924 2681 1032 2764 reperi
1057 2703 1135 2750 eum
1159 2681 1311 2751 Annand

311 2807 379 2854 non
395 2805 477 2853 esse.
501 2782 595 2853 Felix
609 2781 763 2852 Armand
788 2782 850 2851 hoc
872 2781 1035 2864 temporis
1056 2787 1228 2850 momento
1250 2781 1312 2850 Pa-

312 2885 398 2954 risiis
412 2891 474 2953 est.
496 2883 587 2953 Tute
603 2883 702 2952 nimis
716 2880 893 2951 credulum
908 2881 1092 2963 prebuisti,
1109 2879 1258 2950 Lester.”

396 2982 478 3065 “Va,
494 2983 577 3066 quin
591 2982 674 3051 mihi
699 2982 833 3051 nullum
855 2975 1000 3050 dubium
1021 2980 1125 3051 subiit
1147 3002 1227 3050 eum
1249 2983 1312 3051 Ar·

312 3084 414 3153 mand
430 3105 498 3153 non
513 3083 616 3164 esse,''
632 3081 797 3152 balbutivi
813 3103 887 3164 ego.
919 3079 1005 3164 “Ipsi
1030 3081 1119 3150 enim
1134 3081 1310 3163 cognitum

313 3191 386 3254 erat
400 3205 455 3252 me
470 3183 649 3252 remulcale
663 3182 791 3250 misisse
808 3217 846 3226 -
863 3181 959 3250 novit
974 3187 1008 3249 et
1023 3201 1221 3263 responsum
1235 3204 1312 3250 con·

313 3284 407 3354 sortii
424 3337 431 3352 .
449 3337 456 3352 .
473 3284 502 3352 .”

398 3383 545 3466 “Utique
560 3383 666 3464 novit,
682 3382 761 3465 quia
776 3381 956 3451 remulcale
967 3387 1069 3451 tuum
1084 3381 1126 3450 ad
1141 3388 1313 3450 consortes

314 3484 465 3555 Annand
490 3503 678 3565 nunquam,
703 3482 762 3552 sed
788 3483 831 3551 ad
857 3480 1103 3551 conductitium
1129 3481 1312 3563 quemdam

314 3585 417 3653 huius
429 3583 606 3652 nebulonis
622 3582 797 3665 pervenit;
820 3602 1019 3663 responsum
1045 3587 1161 3650 autem
1184 3581 1240 3651 ille
1262 3603 1313 3651 sa·

314 3686 410 3754 telles
436 3684 497 3754 tibi
522 3683 622 3752 misit.
645 3683 785 3752 Amicus
808 3689 924 3750 noster
949 3681 1012 3750 iste
1037 3681 1176 3763 ignotus
1192 3681 1312 3764 utique

315 3784 472 3868 praevidit
486 3785 646 3852 futurum
661 3789 701 3852 ut
716 3783 815 3852 simul
831 3788 935 3863 atque
950 3781 1125 3863 cognitum
1153 3788 1241 3850 esset
1263 3802 1314 3852 er·

316 3907 426 3955 rorem
441 3905 513 3953 esse
528 3883 752 3964 conmissum,
762 3882 942 3952 remulcale
953 3880 995 3950 ad
1007 3879 1159 3950 Armand
1170 3881 1312 3951 missum

313 3985 364 4067 iri,
381 3991 416 4054 et
430 3983 618 4053 secundum
633 3983 667 4053 id
681 3983 804 4052 cavit.”

399 4085 511 4166 “Ergo
525 4089 565 4153 tu
580 4105 689 4166 usque
702 4082 812 4152 credis
821 4103 933 4152 arcam
945 4082 1098 4152 consulto
1108 4079 1214 4152 fuisse
1225 4080 1314 4150 Van-

315 4187 385 4257 tine
397 4185 544 4268 missam,
559 4205 627 4254 non
643 4204 723 4254 casu
733 4181 769 4253 ?”
