3536 5156
614 831 732 888 nuans
752 830 912 887 tamnu
933 829 1128 888 commen
1311 816 1373 888 183

455 998 565 1082 “Fuit,
580 1021 643 1070 nec
657 1007 772 1071 tamen
788 1001 896 1071 ullum
921 999 1180 1072 machinationis
1194 1008 1373 1071 venenatae

370 1101 635 1170 tutamentum.”

453 1217 572 1286 Halitu
585 1218 735 1301 graviori
749 1217 920 1301 paulisper
934 1217 1102 1301 spirabat;
1124 1239 1160 1288 se
1175 1217 1253 1288 dein
1269 1219 1372 1288 recol·

369 1318 455 1388 lecto
469 1317 590 1387 leniter
604 1318 744 1388 ridebat.

453 1432 637 1517 “Revera''
652 1436 687 1504 in
702 1435 955 1505 excusationem
969 1433 1153 1519 respondit,
1176 1433 1293 1504 “haud
1315 1457 1371 1505 me

368 1535 467 1604 decet
481 1533 565 1604 mihi
580 1542 718 1605 tantum
732 1535 920 1618 indulgere.
957 1536 1019 1605 Est
1033 1534 1097 1605 hoc
1111 1543 1244 1604 certum
1258 1556 1371 1617 genus

368 1635 551 1704 ebrietatis.
587 1635 635 1704 At
658 1643 699 1704 tu
714 1635 764 1705 ais
778 1636 930 1705 torulum
952 1635 1058 1707 fuisse
1083 1643 1269 1718 repertum,
1295 1637 1370 1705 nul·

368 1736 439 1804 lum
455 1743 570 1804 tamen
586 1757 770 1805 venenum.
793 1735 916 1804 Fuitne
930 1736 1066 1805 forulus
1080 1736 1255 1806 vacuus?”

451 1851 550 1922 “Non
565 1853 651 1935 fuit;
674 1853 868 1936 manipulus
888 1853 1080 1923 litterarum
1094 1853 1130 1921 in
1146 1874 1186 1924 eo
1207 1853 1369 1924 inventus

257 1991 260 1997 ·
366 1954 450 2022 est.’'

450 2051 696 2123 “Praestanter!
718 2053 912 2123 Certissime
933 2053 1057 2122 litterae
1079 2053 1272 2123 amatoriae!
1304 2053 1366 2124 Pa-

364 2154 463 2235 gellae
477 2153 631 2225 dulciolae
646 2175 667 2223 a
680 2174 805 2236 magno
821 2152 1003 2236 Ludovic0,
1019 2152 1063 2222 ad
1077 2152 1195 2223 heram
1220 2154 1367 2224 fortasse

367 2252 569 2336 Montespan
578 2252 615 2322 ?’'

448 2351 547 2422 “Non
562 2353 628 2435 ita;
650 2353 712 2435 prb
727 2351 839 2423 dolor!
860 2353 969 2421 multo
984 2351 1212 2422 recentiorum
1236 2360 1366 2436 tempo

364 2475 440 2522 rum
455 2461 562 2522 erant.
578 2453 759 2522 Restitutae
773 2453 902 2522 eaedem
917 2458 998 2521 sunt
1013 2453 1204 2535 possessori.
1220 2453 1270 2523 Te
1286 2475 1366 2537 quo

363 2573 429 2634 que
444 2552 669 2635 probaturum
684 2553 747 2621 hoc
762 2552 895 2622 factum
910 2573 983 2621 esse
998 2551 1176 2622 arbitror.”

445 2669 668 2752 Aliquantum
682 2669 874 2738 accuratius
889 2668 1058 2739 residebat
1082 2691 1137 2739 me
1160 2670 1364 2753 speculatus,

363 2770 445 2840 dum
471 2792 525 2839 me
552 2769 720 2840 sollicitari
746 2769 844 2851 sensi,
871 2769 962 2853 quod
989 2791 1096 2852 quum
1120 2769 1190 2853 ipse
1205 2777 1364 2840 aocurate

363 2870 464 2940 sciret
478 2893 498 2939 a
513 2891 582 2953 quo
609 2891 688 2938 arca
713 2875 828 2952 empta
850 2875 950 2951 esset,
973 2869 1104 2938 interea
1129 2891 1244 2939 secum
1260 2871 1364 2940 tacite

362 2970 536 3039 historiam
553 2970 587 3038 in
602 2969 834 3052 integritatem
848 2968 957 3052 magis
971 2969 1053 3038 scite
1067 2975 1184 3039 texere
1198 2991 1260 3052 par
1274 2976 1364 3041 esset

363 3091 466 3153 quam
480 3069 563 3139 mihi
578 3071 772 3138 consultum
787 3069 973 3139 videretur.

445 3185 750 3270 “Quandoquidem
764 3185 887 3255 litterae
903 3185 1072 3256 restitutae
1086 3185 1197 3269 sunt,”
1223 3187 1361 3257 tandem

362 3287 458 3356 fatur
473 3287 684 3368 aridiuscule,
701 3284 764 3355 “de
788 3308 825 3355 re
849 3285 994 3369 amplius
1019 3285 1207 3369 disceptare
1231 3307 1361 3357 vanum

361 3394 459 3457 esset.
475 3387 614 3468 Verum,
630 3385 759 3469 absque
774 3386 888 3469 dubio,
902 3387 931 3455 si
945 3407 1018 3455 rem
1043 3387 1212 3469 integram
1236 3409 1360 3471 cogno

360 3509 498 3571 scerem,
521 3485 753 3570 approbarem.
780 3486 976 3556 Praesertim
991 3486 1019 3556 si
1034 3486 1068 3556 id
1083 3486 1171 3556 bono
1195 3494 1361 3558 matronae

360 3587 544 3658 cessisset.”

444 3685 517 3756 “Ita
532 3685 662 3768 cessit,”
677 3686 782 3769 probo
797 3707 872 3769 ego,
887 3706 1033 3768 eumque
1055 3706 1127 3755 rem
1151 3685 1360 3768 perspexisse

360 3810 379 3857 e
393 3787 494 3856 vultu
509 3787 584 3856 eius
597 3787 752 3868 cognovi.

442 3903 552 3974 “Tum
567 3903 678 3972 fecisti
694 3903 811 3986 bene,”
828 3902 1009 3986 respondit
1032 3900 1199 3972 “Nullone
1215 3901 1280 3972 alio
1290 3924 1360 3973 mo

358 4006 401 4074 do
415 4025 518 4074 causa
532 4003 651 4073 mortis
665 4001 738 4072 heri
761 4003 909 4074 Vantine
932 4002 1088 4085 illiusque
1111 4001 1282 4086 peregrini
1307 4024 1358 4074 re·

358 4104 461 4190 periri
476 4102 655 4189 poterat?”
