3500 5158
443 861 506 934 272
706 879 914 936 ursrsmuu
936 881 1043 935 Anca
1064 875 1182 937 nourr

443 1047 509 1130 hi,''
535 1047 707 1130 respondit
731 1070 800 1117 non
826 1048 898 1118 sine
927 1071 1105 1119 sarcasmo.
1128 1048 1281 1119 “Notum
1304 1047 1365 1118 tibi
1389 1056 1442 1118 est

445 1147 574 1216 Drouet
589 1148 737 1217 occisum
753 1149 858 1218 fuisse
873 1149 957 1218 dum
971 1149 1172 1219 fasciculum
1197 1149 1373 1233 quaerebat
1387 1148 1441 1218 lit·

442 1254 606 1329 terarum,
623 1269 701 1330 quae
727 1255 921 1318 matronam
944 1249 1128 1331 quamdam
1155 1271 1198 1319 ex
1222 1249 1444 1332 optimatibus

442 1350 576 1416 summa
589 1348 767 1417 affecturae
795 1357 894 1418 erant
923 1349 1082 1432 infamiam
1104 1370 1202 1432 aeque
1224 1351 1355 1419 clarum
1379 1349 1440 1419 tibi

443 1453 495 1515 est
523 1446 645 1516 herum
677 1448 825 1517 Vantine
851 1449 999 1518 occisum
1024 1448 1131 1518 fuisse
1153 1470 1262 1532 quum
1286 1448 1441 1518 forulum

443 1545 573 1628 aperire
588 1553 764 1630 tentasset,
780 1555 959 1630 postquam
974 1549 1093 1617 ancilla
1111 1548 1262 1618 eiusdem
1276 1555 1442 1617 matronae

442 1645 591 1728 illustris,
606 1646 688 1728 quid
704 1649 856 1717 occultus
870 1648 1005 1717 torulus
1019 1648 1145 1717 celaret
1158 1647 1370 1730 prodidisset,
1385 1655 1440 1717 ut-

443 1752 522 1828 pote
548 1767 626 1828 quae
650 1747 829 1829 praemium
855 1747 918 1817 sibi
943 1748 1065 1816 mereri
1091 1747 1312 1830 speravisset;
1335 1748 1441 1818 Morel

442 1852 560 1914 autem
588 1867 692 1914 manu
722 1846 827 1928 ipsius
856 1847 1026 1916 Crochard
1052 1853 1161 1916 morte
1175 1848 1296 1930 plexus
1308 1853 1344 1917 et
1359 1868 1441 1930 quo

442 1944 534 2013 niam
550 1945 705 2027 proditur
718 1946 796 2028 fuit,
811 1954 914 2028 atque
930 1946 1132 2029 supplicium
1146 1947 1303 2016 meruit”

525 2045 758 2114 Admiratione
773 2047 882 2128 magis
897 2047 1074 2128 magisque
1089 2054 1219 2129 captus,
1235 2047 1340 2116 oculis
1364 2046 1441 2116 fixis

443 2165 521 2212 eum
535 2144 703 2214 intuebar.
726 2146 906 2226 Quodnam
928 2153 1098 2215 secretum
1121 2167 1193 2228 prae
1217 2146 1282 2215 isto
1303 2145 1439 2215 bomine

442 2243 529 2312 miro
544 2250 659 2313 tutum
675 2267 747 2314 esse
762 2245 890 2327 possit?
911 2267 1028 2328 quaero
1049 2267 1071 2313 a
1093 2267 1149 2314 me
1174 2246 1257 2328 ipso.
1279 2246 1351 2315 Aut
1371 2247 1440 2314 ior·

442 2350 532 2412 tasse
557 2344 644 2413 hanc
669 2366 767 2414 suam
791 2345 965 2415 historiam
991 2367 1010 2414 e
1035 2345 1240 2428 fragmentis
1265 2345 1327 2415 sibi
1351 2345 1441 2415 notis

442 2443 704 2513 consarcinavit?

525 2541 592 2612 “At
607 2566 650 2612 ne
665 2566 757 2614 nunc
772 2544 940 2627 quidem,”
954 2543 1106 2614 balbutio
1127 2565 1201 2626 ego,
1218 2541 1293 2614 “res
1307 2544 1389 2613 mihi
1403 2543 1438 2613 in

441 2644 531 2712 claro
545 2650 607 2712 est.
619 2643 751 2726 Nempe
766 2665 828 2713 nos
842 2645 1012 2713 occultum
1027 2644 1180 2713 forulum
1194 2643 1440 2726 aperuimus-

442 2743 575 2813 nullum
601 2743 647 2812 ibi
672 2750 747 2813 erat
771 2766 952 2813 venenum.
978 2745 1043 2826 Qui
1069 2750 1144 2812 tum
1160 2751 1294 2828 poterat
1309 2743 1440 2814 Drouet

445 2843 634 2926 herumque
649 2844 797 2913 Vantine
813 2845 978 2926 perimere
986 2844 1023 2913 ?”

525 2942 687 3025 “Facile'’
702 2944 828 3025 frigide
842 2944 1014 3026 respondit
1030 2945 1133 3014 herus
1146 2943 1256 3026 Pigot.
1290 2942 1440 3014 “Drouet

442 3051 546 3125 atque
561 3042 664 3112 herus
681 3043 826 3112 Vantine
840 3051 985 3113 mortem
1006 3045 1258 3128 oppetiverunt,
1280 3043 1361 3126 quia
1381 3065 1440 3112 an·

442 3144 517 3212 cilla
531 3150 697 3212 matronae
710 3143 873 3226 Principis
896 3165 938 3212 ex
963 3165 1076 3213 errore
1098 3144 1220 3213 laevam
1243 3165 1323 3213 cum
1347 3150 1441 3213 recta

442 3265 548 3312 manu
563 3243 782 3312 commiscuit.
805 3243 949 3312 Forulus
963 3244 1022 3325 qui
1037 3243 1167 3313 litteras
1181 3243 1313 3314 celabat
1326 3243 1370 3314 ad
1385 3245 1441 3313 lae·

443 3364 526 3412 vum
541 3363 629 3412 arcae
645 3350 696 3411 est
711 3377 753 3388 -
767 3344 841 3424 en,'’
856 3364 926 3424 quo
940 3343 1030 3412 dicto
1044 3348 1143 3412 tema
1165 3343 1325 3426 choragia
1349 3365 1440 3426 pres·

443 3443 496 3524 sit,
525 3441 679 3511 ansulam
714 3442 904 3524 prehendit,
940 3442 1160 3524 forulumque
1195 3442 1329 3512 evulsit.
1372 3440 1441 3512 “Ut

443 3541 668 3612 animadverti
683 3539 770 3624 licet,
786 3542 910 3610 litterae
923 3540 1047 3611 ablatae
1071 3549 1162 3624 sunt,
1186 3541 1346 3625 quoniam
1367 3541 1440 3626 ipsa

443 3649 599 3711 matrona
613 3641 774 3724 Princeps
787 3642 939 3711 forulum
953 3641 1097 3724 aperuit,
1113 3641 1311 3724 litterasque
1325 3663 1439 3712 coram

442 3742 524 3811 hero
539 3742 658 3810 Lester
673 3741 835 3811 subduxit
856 3763 964 3823 quum
979 3763 1020 3811 ea
1034 3747 1123 3811 esset
1135 3742 1225 3812 illius
1247 3742 1442 3812 humanitas

443 3850 483 3912 ut
498 3841 740 3924 possessionem
755 3842 947 3911 litterarum
963 3841 1010 3910 illi
1024 3841 1227 3912 indulsisset.
1245 3844 1373 3913 Verum
1388 3842 1440 3911 fo

444 3943 548 4023 rulus,
564 3963 666 4024 quem
682 3940 812 4010 Drouet
825 3948 861 4010 et
875 3941 980 4011 herus
992 3941 1139 4010 Vantine
1154 3943 1389 4025 aperuerant,”
1404 3948 1441 4011 et

443 4063 535 4111 nunc
549 4063 616 4110 vox
631 4041 705 4110 eius
718 4063 790 4124 prae
800 4063 933 4110 summo
940 4040 1044 4110 animi
1056 4047 1163 4124 motu,
1174 4062 1283 4124 quum
1293 4041 1337 4111 ad
1347 4041 1440 4112 istud

441 4143 577 4214 culmen
606 4148 818 4225 pervenerat,
848 4141 1061 4225 aliquantum
1090 4141 1232 4212 stridere
1256 4141 1369 4226 coepit,
1399 4140 1441 4212 “a
