3536 5156
392 873 455 944 164
660 891 988 947 nrsrsmonnncn
1005 886 1123 948 noma

390 1056 528 1142 vidique
543 1079 623 1129 eum
637 1057 673 1128 in
687 1082 743 1130 me
757 1080 866 1144 usque
891 1060 980 1131 bono
995 1082 1067 1132 esse
1081 1059 1204 1131 animo.
1241 1060 1389 1145 Refugio

390 1179 452 1242 pro
467 1165 602 1229 senecta
615 1158 838 1244 indigemus”

475 1257 609 1330 Furtim
623 1258 844 1331 observabam
869 1261 1008 1344 Rogers,
1024 1269 1232 1346 stupensque
1246 1261 1390 1345 cognovi

391 1379 472 1429 eum
496 1359 585 1430 banc
609 1359 785 1432 mulierem
809 1382 919 1445 usque
944 1361 1047 1432 animi
1062 1361 1241 1432 affectione
1260 1361 1389 1432 fovere.

394 1459 581 1544 Refugium
595 1467 753 1544 paratum
768 1483 840 1532 esse
855 1461 1045 1546 videbatur,
1061 1462 1089 1533 si
1104 1461 1200 1534 Iuliae
1213 1462 1326 1532 visum
1341 1483 1392 1532 es-

392 1566 445 1632 set
459 1561 604 1631 mlutem
619 1583 717 1631 suam
731 1561 787 1633 hic
800 1582 965 1646 quaerere.

475 1658 719 1744 “Aliquantum
744 1662 929 1745 dubitavi,”
955 1663 1032 1733 dein
1058 1663 1243 1746 subiunxit,
1259 1661 1390 1746 “grana

391 1760 454 1844 tui,
469 1783 546 1832 mea
560 1760 661 1844 Hera,
686 1762 826 1834 ubinam
851 1762 1015 1847 ancillam,
1040 1763 1107 1835 mei
1122 1763 1273 1846 similem,
1295 1763 1387 1834 Hera

392 1861 565 1946 repererit
587 1862 691 1932 Nulla
715 1869 840 1946 praeter
863 1885 919 1934 me
944 1863 1054 1935 crines
1076 1885 1156 1934 suos
1178 1870 1220 1934 ut
1234 1886 1298 1947 ego
1312 1883 1389 1934 con·

390 1961 527 2032 cinnare
542 1960 650 2032 sciens
664 1969 716 2033 est
730 1998 772 2009 -
786 1964 880 2034 nulla
893 1963 957 2034 nisi
972 1985 1036 2048 ego
1051 1964 1210 2036 balneum
1224 1984 1388 2048 apparare

392 2064 509 2133 valet.
526 2115 534 2132 .
551 2062 581 2132 .”

474 2161 545 2234 “Ea
558 2184 668 2248 quum
682 2164 761 2234 solae
774 2163 944 2235 fuerimus
966 2165 1194 2248 dirimemus,”
1217 2163 1389 2249 respondit

389 2269 546 2335 matrona
559 2265 681 2335 velata
702 2262 852 2336 “Verum
867 2287 968 2348 nunc,
983 2265 1050 2336 eris
1072 2266 1217 2337 fortasse
1239 2272 1311 2336 tam
1331 2263 1389 2335 bo

389 2386 434 2436 no
448 2363 483 2434 in
497 2387 553 2436 me
567 2363 690 2448 animo,
705 2370 746 2435 ut
760 2364 853 2449 mihi,
878 2365 960 2449 quid
975 2373 1077 2436 antea
1090 2366 1159 2437 huc
1172 2365 1316 2448 veneris,
1332 2387 1389 2436 ex·

392 2464 525 2549 pliceS.”

474 2563 658 2650 “AEquum
684 2566 776 2637 Hera
799 2587 886 2648 mea,
912 2567 1092 2650 postulas,”
1118 2588 1222 2651 seque
1247 2566 1283 2637 in
1308 2567 1389 2638 sella

390 2665 599 2738 commodius
613 2667 782 2751 disposita,
806 2665 891 2736 Iulia
915 2667 1043 2750 pergit:
1076 2665 1159 2738 “Die
1184 2668 1332 2752 quodam
1354 2666 1389 2736 in

390 2765 472 2837 navi
486 2765 611 2851 evenit,
636 2774 677 2838 ut
701 2789 810 2850 quum
835 2766 871 2835 in
896 2773 1049 2837 vectores
1063 2766 1175 2837 tertiae
1198 2767 1312 2838 classis
1336 2767 1401 2837 de·

391 2873 589 2951 spectarem,
624 2866 931 2938 animadverterem
971 2867 1155 2951 Georgium
1191 2903 1232 2914 -
1268 2867 1389 2938 herum

390 2966 521 3039 Drouet
535 3003 577 3014 -
591 2967 701 3038 solum
714 2968 938 3038 oberrantem.
957 2967 1023 3049 Me,
1034 2975 1075 3038 ut
1089 2967 1137 3038 ita
1151 2968 1270 3051 dicam,
1285 2968 1390 3038 omni-

390 3088 435 3137 no
461 3089 615 3138 somnam
639 3075 675 3138 et
699 3069 876 3138 contusam
902 3069 990 3139 sensi
1004 3068 1203 3151 necopinato
1218 3089 1298 3139 eum
1312 3089 1390 3138 con·

391 3167 580 3252 spiciendo;
601 3168 722 3239 deinde
737 3168 809 3253 ipso
824 3190 960 3240 sursum
980 3174 1154 3252 spectante
1168 3168 1316 3240 intuitus
1328 3190 1390 3238 no·

390 3267 452 3339 stri
465 3276 721 3352 concurrerunt,
746 3290 816 3353 quo
829 3270 932 3352 tacto,
947 3269 1018 3352 ipse
1032 3268 1172 3338 accessit
1196 3276 1232 3339 et
1256 3291 1299 3339 ex
1320 3268 1387 3339 imo

389 3391 444 3440 me
459 3367 577 3440 eadem
591 3391 733 3452 vespera
752 3391 788 3440 se
811 3369 991 3440 convenire
1016 3369 1123 3440 iussit
1145 3369 1214 3439 lllic
1239 3368 1386 3453 denique

390 3469 527 3542 masilia
551 3491 614 3540 sua
638 3468 721 3539 mihi
746 3468 894 3552 primum
918 3468 1063 3554 aperuit
1095 3467 1288 3540 Secundum
1314 3470 1388 3540 haec

389 3569 460 3655 ipse
475 3591 587 3654 prose
602 3569 724 3640 litteris
737 3569 781 3639 ad
796 3569 1033 3640 evendendum
1056 3569 1156 3653 potiri
1171 3568 1388 3640 conabatur.”

473 3668 679 3742 “cuinam'’
700 3669 825 3754 quaerit
840 3670 1000 3754 Godfrey.

473 3769 706 3854 “Cuicunque,
721 3770 840 3854 utique
856 3769 915 3853 qui
930 3769 1076 3840 maximo
1091 3769 1199 3853 pretio
1223 3791 1281 3840 eas
1304 3769 1388 3841 redi·

388 3891 481 3941 mere
496 3869 690 3954 voluisset,”
717 3870 889 3954 respondit
915 3869 1010 3953 Iulia,
1034 3871 1181 3940 multum
1205 3869 1328 3940 mirata
1345 3879 1387 3940 ut

388 3993 443 4042 res
456 3978 529 4042 tam
543 3971 644 4055 plana
658 3970 761 4042 etiam
776 3971 964 4055 quastione
989 3991 1091 4052 egere
1105 3991 1202 4054 posse
1227 3969 1387 4053 cuiquam

388 4070 573 4144 videretur.
594 4069 825 4142 “Litterarum
839 4091 986 4155 quaeque
1000 4069 1063 4155 ipsi
1077 4070 1170 4141 herae
1184 4067 1280 4140 deliis
1293 4069 1388 4141 milli·

385 4171 452 4244 bus
465 4172 663 4244 francorum
677 4171 828 4256 primum
841 4178 941 4243 erant
966 4170 1168 4256 offerendae;
1190 4168 1306 4256 siipsa
1329 4169 1388 4242 ab·
