3554 5156
704 895 1009 950 PRAEPARnuloNES
1297 878 1359 950 107

361 1062 532 1132 credibilia
547 1063 628 1132 mihi
643 1063 857 1146 videbantur,
884 1064 942 1133 sed
968 1087 1069 1146 nunc,
1091 1065 1191 1147 plena
1206 1064 1270 1133 diei
1285 1066 1361 1134 luce

361 1163 396 1232 id
422 1185 522 1232 omne
547 1185 712 1246 perquam
740 1165 926 1234 absurdum
955 1165 1037 1233 mihi
1063 1165 1214 1248 parebat.
1251 1165 1361 1248 Quam

363 1263 477 1346 Grady
492 1270 527 1332 et
543 1263 751 1346 Goldberger
765 1265 831 1333 ista
845 1265 1014 1334 risissent!

446 1381 568 1450 Totam
583 1381 723 1463 proinde
739 1382 826 1451 hanc
842 1405 914 1450 rem
936 1382 1117 1463 impatiens
1132 1405 1153 1450 a
1168 1404 1222 1450 me
1248 1405 1363 1452 aman-

362 1480 452 1562 davi,
466 1489 684 1564 mentemque
699 1482 741 1550 ad
757 1483 822 1551 alia
836 1483 1007 1564 converti;
1024 1489 1138 1550 tamen
1154 1482 1361 1564 profundam

362 1580 534 1664 quandam
560 1603 745 1650 nervorum
772 1582 959 1651 tensionem
985 1582 1154 1664 deponere
1184 1605 1239 1651 me
1267 1583 1360 1652 haud

362 1703 460 1763 posse
475 1681 582 1761 sensi;
604 1682 721 1764 itaque
736 1682 893 1751 obserata
908 1683 1084 1764 scriptoria
1099 1685 1185 1764 mea,
1201 1682 1362 1752 ministel-

362 1782 434 1850 lum
460 1780 579 1849 edocui
606 1803 660 1849 me
685 1804 753 1850 non
779 1782 981 1864 rediturum,
1002 1788 1105 1864 atque
1128 1781 1234 1851 accita
1255 1782 1360 1852 rheda

362 1880 535 1950 meritoria
551 1881 682 1950 Nemus
698 1882 876 1951 Urbanum
891 1904 1089 1964 percursare
1115 1882 1230 1951 statui.
1267 1883 1361 1952 Aura

362 2002 488 2063 recem,
504 1981 696 2062 fragrantia
711 1982 881 2062 arborum,
897 1988 1054 2064 aspectus
1069 2004 1254 2064 puerorum
1265 1981 1362 2050 iuxta

363 2080 435 2148 vias
450 2081 694 2150 colludentium
710 2105 764 2150 me
780 2082 872 2151 haud
887 2104 1009 2164 parum
1025 2089 1232 2164 recrearunt,
1254 2088 1289 2150 et
1314 2083 1360 2151 sic

361 2203 424 2262 par
438 2203 531 2249 eram
546 2181 708 2263 Godfrey,
724 2182 807 2250 hora
822 2183 965 2264 septima
976 2205 1029 2250 me
1039 2182 1308 2264 convenientem,
1320 2182 1362 2250 ri-

362 2302 403 2349 su
418 2281 581 2361 excipere.

447 2395 621 2466 “Mensam
635 2383 782 2467 conduxi
798 2399 832 2466 in
849 2399 1011 2482 popinula
1037 2422 1142 2482 prope
1157 2421 1177 2467 a
1191 2421 1296 2468 comu
1312 2399 1362 2467 vi·

361 2497 423 2577 ci,'’
449 2497 546 2564 fatur
571 2497 609 2577 is,
636 2497 678 2566 ad
704 2520 760 2565 me
785 2498 968 2579 ingressus.
1005 2497 1165 2567 “Institor
1190 2499 1361 2580 popinulae

362 2595 491 2665 amicus
520 2617 617 2664 meus
643 2603 704 2678 est,
731 2619 898 2680 speroque
924 2599 1036 2667 locum
1066 2597 1127 2666 tibi
1156 2598 1361 2681 placiturum

362 2696 469 2764 fore.”

446 2813 490 2882 Et
505 2813 640 2895 placuit.
667 2813 852 2883 Prandium
878 2816 1031 2896 profecto
1055 2815 1140 2884 adeo
1165 2815 1301 2897 placuit,
1322 2822 1362 2883 ut

364 2918 453 2982 totos
468 2935 530 2981 nos
553 2913 749 2996 devinciret,
774 2936 837 2983 nec
864 2936 971 2996 usque
996 2937 1037 2983 eo
1062 2915 1248 2996 negotium,
1271 2914 1361 2996 quod

363 3033 424 3080 nos
440 3012 507 3081 huc
521 3013 693 3094 allexerat,
715 3015 990 3094 memoravimus,
1016 3015 1122 3083 donec
1148 3014 1237 3082 caffa
1251 3015 1363 3097 allata,

363 3113 624 3195 convolvulique
638 3113 768 3182 accensi
784 3113 941 3183 fuissent.

447 3227 706 3311 “Quidquamne
722 3230 802 3299 novi
815 3230 852 3300 ?’'
873 3230 1067 3299 sciscitabar
1079 3230 1122 3298 ab
1138 3252 1187 3312 eo,
1204 3230 1286 3299 dum
1302 3231 1363 3300 sel-

363 3327 412 3397 las
426 3335 560 3397 nostras
574 3351 758 3412 parumper
772 3352 793 3398 a
805 3351 922 3398 mensa
943 3329 1194 3398 amoliebamur.

447 3443 499 3513 “N
502 3444 570 3526 ihil,
587 3445 688 3514 ullius
702 3446 876 3514 momenti.
888 3445 1042 3516 Cadaver
1056 3447 1090 3515 in
1105 3447 1292 3516 conditorio
1307 3448 1363 3516 de-

363 3545 529 3614 claratum
554 3551 709 3614 nonest.
743 3546 818 3614 Prae
848 3546 1014 3628 omnibus,
1043 3547 1176 3616 lictores
1204 3546 1362 3616 Parisiaci

363 3665 540 3713 mensuras
555 3645 813 3714 Bertillonianas
827 3645 900 3714 eius
914 3646 1025 3714 nullas
1040 3647 1290 3728 sumpsenmt.”

447 3741 613 3813 “Proinde
627 3745 828 3814 malefactor
844 3767 912 3814 non
928 3745 1028 3814 fuit.”

446 3858 655 3942 “Nunquam
680 3861 749 3929 fuit
763 3861 913 3944 captus,”
939 3861 1184 3944 interpretatur
1200 3862 1360 3944 Godfrey.

364 3957 495 4041 “Magis
509 3959 612 4028 etiam
627 3960 751 4029 mirum
777 3961 831 4030 hic
857 3982 937 4029 eum
963 3983 1031 4030 non
1053 3961 1160 4030 fuisse
1174 3962 1359 4043 cognitum.

363 4059 559 4130 Verosimile
574 4066 626 4128 est
640 4059 737 4129 binas
751 4060 926 4129 hominum
949 4061 1113 4130 milliones
1126 4060 1273 4143 effigiem
1288 4062 1361 4131 cius

362 4173 397 4242 in
412 4157 542 4228 diurnis
556 4159 690 4230 vidisse.
712 4159 826 4244 Aliqui
851 4166 1062 4243 putaverunt
1077 4159 1215 4243 quidem
1230 4183 1265 4231 se
1281 4183 1360 4231 eum
