3500 5158
413 866 476 936 312
686 881 896 936 ummmuu
916 879 1025 934 anem
1047 871 1166 934 soom

498 1049 612 1120 Herus
626 1050 727 1133 Pigot
740 1049 776 1119 in
791 1048 942 1119 medium
958 1068 1167 1131 progressus,
1183 1045 1333 1116 Mazarin
1347 1066 1417 1114 ma·

414 1172 462 1219 nu
477 1149 603 1220 attollit
618 1156 653 1219 et
668 1157 768 1220 caute
782 1156 943 1233 aspectat.

499 1248 590 1320 “Ista
604 1251 724 1321 saitem
738 1271 875 1333 gemma
893 1249 1044 1332 genuina
1059 1247 1141 1331 est,''
1166 1252 1243 1330 post
1264 1266 1416 1315 momen-

414 1357 490 1420 tum
500 1349 614 1420 edixit.
634 1349 727 1420 “Nec
736 1349 855 1420 dubito
864 1349 946 1432 quin
955 1356 990 1419 et
999 1348 1139 1431 reliquae
1148 1346 1309 1432 genuinae
1317 1345 1417 1428 sint,”

417 1450 515 1519 fatur
528 1472 586 1520 eas
600 1450 689 1521 inter
704 1451 828 1534 digitos
842 1449 1019 1520 versitans.

500 1550 613 1633 Grady
623 1573 732 1634 usque
744 1550 878 1632 dubius,
890 1555 1027 1633 sumpta
1036 1571 1106 1619 una
1119 1551 1256 1632 gemma
1266 1547 1310 1617 ad
1324 1546 1418 1616 fene-

415 1655 523 1719 stram
546 1650 686 1720 accessit
711 1672 854 1733 eamque
869 1649 959 1718 vitro
974 1648 1167 1732 applicitam
1182 1647 1340 1718 deorsum
1356 1646 1417 1715 du·

415 1749 475 1832 xit,
490 1750 560 1819 acri
575 1750 720 1833 vestigio
740 1751 875 1820 laesurae
888 1749 923 1818 in
938 1749 1028 1818 vitro
1043 1748 1168 1819 rebcto.

499 1848 582 1919 “Est
595 1851 777 1934 genuina,''
792 1849 904 1934 inquit
918 1849 1058 1920 invitus
1074 1846 1172 1919 “Meo
1182 1847 1320 1932 quidem
1331 1845 1418 1916 arbi·

418 1949 484 2020 trio
498 1951 571 2020 veri
587 1949 643 2021 isti
668 1951 867 2021 adamantes
890 1949 1001 2033 sunt,’'
1026 1948 1151 2032 quibus
1172 1948 1270 2019 dictis
1291 1947 1417 2017 iterum

415 2049 576 2120 consedit.

478 2148 532 2219 “N
534 2172 601 2219 unc
610 2172 693 2220 vero
708 2150 836 2232 amici,”
845 2149 959 2234 pergit
969 2149 1131 2232 Godfrey,
1142 2149 1201 2233 qui
1211 2155 1328 2218 actum
1336 2146 1417 2218 Gra·

415 2249 460 2332 dy
476 2250 644 2320 ludicrum
659 2251 829 2334 patienter
843 2273 882 2320 ac
897 2250 1076 2320 subridens
1085 2249 1230 2332 ferebat,
1242 2247 1325 2318 “hos
1340 2247 1418 2317 ada·

416 2356 551 2420 mantes
569 2350 605 2420 in
619 2357 771 2420 vestram
785 2351 945 2421 ditionem
961 2350 1083 2421 dedere
1095 2371 1172 2420 sum
1187 2354 1338 2433 paratus.
1352 2347 1417 2416 Ve-

415 2449 483 2520 litis
491 2471 549 2520 eos
556 2449 672 2533 itaque
681 2472 872 2534 numerare,
882 2450 1032 2534 mihique
1042 2451 1083 2520 de
1098 2449 1244 2533 acceptis
1252 2447 1415 2532 apocham

415 2549 586 2619 redderc.”

491 2647 602 2738 f‘Tunr
617 2656 667 2732 tu,
676 2649 806 2734 utiquc,
820 2650 862 2721 de
876 2657 1005 2720 eventu
1013 2649 1189 2720 historiam
1197 2647 1352 2730 scribes,”
1367 2667 1417 2716 re.

415 2750 486 2819 fert
500 2770 561 2832 per
576 2771 783 2820 sarcasmum
798 2751 923 2834 Grady‚
938 2749 1089 2833 “tuoque
1102 2755 1227 2819 cuncta
1250 2747 1416 2818 attribues

416 2849 568 2919 merito.''

502 2948 662 3031 “Ehem’'
678 2949 824 3022 intuitus
839 2973 919 3021 eum
934 2952 1085 3034 Godrrey
1101 2949 1234 3034 quaerit,
1243 2947 1415 3018 “ullumne

415 3057 456 3121 tu
471 3049 533 3120 tibi
548 3049 708 3119 meritum
725 3050 915 3124 vindicas?”
940 3053 995 3124 Ad
1010 3072 1088 3135 quae
1102 3049 1209 3120 verba
1231 3048 1346 3131 Grady
1360 3069 1416 3116 ru·

416 3151 497 3220 bore
511 3149 671 3219 suffusus
684 3149 767 3220 nihil
790 3152 883 3236 quod
905 3153 1032 3222 diceret
1055 3150 1213 3220 habebat
1237 3146 1357 3230 “Quod
1372 3146 1415 3217 ad

415 3249 621 3319 historiolam
645 3249 769 3320 attinet
782 3247 824 3321 ea
838 3251 905 3322 iarn
921 3252 1046 3335 scripta
1064 3257 1126 3320 est.
1142 3249 1181 3319 ln
1197 3248 1293 3319 denis
1306 3249 1416 3317 minu-

416 3351 461 3420 tis
475 3348 597 3419 caiam
612 3349 648 3418 in
663 3349 727 3420 viis
741 3353 986 3423 versabitur-
1001 3351 1087 3423 etin
1102 3357 1277 3433 stuporem
1298 3368 1416 3419 omnes

416 3449 516 3533 aget!
532 3448 633 3518 Modo
647 3449 732 3519 velis
756 3451 955 3523 adamantes
968 3471 1159 3522 numerare.
1175 3449 1336 3532 Reperies
1358 3469 1416 3518 eos

415 3551 565 3620 ducenos
580 3570 652 3618 esse
667 3558 702 3618 et
717 3549 851 3622 denos.’'

519 3647 607 3718 “Tot
634 3670 754 3719 revera
780 3651 978 3722 adamantes
1003 3653 1129 3735 Magno
1155 3648 1240 3720 Duci
1266 3648 1416 3732 surrepti

416 3749 528 3832 sunt,''
543 3755 660 3818 monet
672 3749 777 3820 herus
787 3751 897 3835 Pigot,
912 3775 952 3822 ac
962 3772 1143 3822 numerare
1157 3749 1315 3833 perrexit
1326 3749 1416 3819 Ada-

415 3856 549 3919 mantes
561 3858 790 3921 numerarunt
804 3852 969 3923 ducentos
984 3859 1019 3923 et
1038 3851 1164 3922 decem.

500 3947 634 4018 “Herus
648 3948 826 4022 Shearrow
841 3952 1036 4023 substernet
1050 3949 1244 4035 apocham,''
1263 3948 1415 4032 Godrrey

415 4047 601 4131 subiungit
616 4056 693 4131 post
706 4049 884 4122 Shearrow
908 4052 1061 4122 chartam
1076 4073 1095 4120 e
1110 4050 1243 4120 sacculo
1260 4070 1414 4132 exprom-

416 4149 493 4232 psit,
509 4169 584 4218 eam
599 4149 735 4232 evolvit,
751 4157 955 4236 textumque
969 4152 1044 4222 eius
1057 4149 1221 4234 praelegit
