3500 5158
434 855 498 926 304
706 871 911 926 ursrsmun
928 871 1032 925 ARcAE
1058 863 1176 924 somn

435 1039 566 1123 gressui
581 1047 698 1111 nostro
712 1039 900 1110 interesset.
916 1037 1069 1121 Benigne
1084 1059 1261 1108 assensum
1277 1035 1435 1120 praebuit.
1521 1045 1524 1051 '

434 1139 603 1209 Certiores
616 1139 721 1210 etiam
736 1162 798 1210 vos
820 1161 893 1209 esse
909 1138 1017 1221 volo,'’
1034 1137 1108 1208 viso
1133 1137 1248 1221 Grady
1268 1136 1434 1206 diffidenti

435 1240 571 1322 obtutu,
587 1239 728 1310 “herum
742 1240 834 1310 hunc
847 1263 925 1310 vere
949 1239 1049 1322 Pigot
1063 1259 1145 1320 esse,
1156 1237 1291 1308 Servilii
1307 1236 1435 1308 Securi·

435 1341 517 1410 tatis
531 1340 746 1422 Parisiorum,
761 1363 830 1410 non
854 1346 971 1410 autem
994 1339 1195 1409 Crochard.”

520 1439 684 1510 “Prorsus
697 1441 776 1522 ita,”
792 1440 953 1510 aitherus
967 1439 1078 1522 Pigot,
1093 1445 1194 1522 gestu
1218 1437 1366 1520 quodam
1379 1437 1437 1506 dc-

436 1541 653 1624 precatorio.’'
666 1541 739 1624 Ego
753 1540 824 1624 ipse
835 1539 1115 1623 sum-quamvis
1129 1539 1283 1609 conscius
1297 1536 1437 1607 maximi

437 1640 618 1722 dedecoris,
634 1641 725 1724 quod
739 1640 774 1710 in
788 1640 994 1710 tendiculam
1019 1661 1040 1709 a
1059 1639 1229 1709 Crochard
1243 1638 1326 1707 mihi
1341 1658 1437 1721 para·

437 1749 509 1810 tam
524 1741 708 1810 incideram
722 1741 890 1810 incautus.
922 1739 955 1808 Is
980 1745 1097 1810 tamen
1112 1739 1213 1809 homo
1228 1745 1282 1808 est
1295 1737 1438 1808 vaferri-

439 1842 547 1912 mus.”

522 1939 762 2011 “Assirnulatio
783 1941 839 2011 illa
863 1949 955 2012 certe
982 1941 1069 2011 mira
1092 1939 1193 2022 fuit,''
1220 1939 1333 2008 refero
1362 1959 1436 2021 ego.

438 2041 531 2111 “lmo
540 2049 576 2111 et
590 2042 667 2124 plus
681 2040 716 2110 id
729 2042 844 2111 vocari
859 2042 913 2110 las
927 2049 989 2125 est,
1004 2062 1128 2124 nempe
1150 2037 1295 2109 alienam
1325 2059 1438 2121 perso-

441 2164 522 2211 nam
538 2140 696 2211 simulare
711 2148 747 2212 et
762 2140 950 2211 ementiri.'’

522 2240 712 2312 “Crochard
727 2242 899 2312 occasione
911 2264 987 2311 mea
998 2241 1202 2311 lineamenta
1213 2237 1361 2309 discendi
1369 2259 1438 2308 non

437 2341 578 2424 camit,’'
593 2341 754 2411 immotus
769 2341 941 2424 respondit
949 2341 1054 2410 herus
1068 2340 1177 2422 Pigot.
1208 2337 1305 2422 “Ipse
1321 2345 1437 2408 autem

438 2441 474 2510 in
489 2441 620 2510 cunctis
636 2461 714 2522 quae
728 2440 868 2524 suscipit
882 2440 1009 2510 artifex
1022 2447 1085 2510 est.
1115 2437 1307 2528 Aliquando
1322 2444 1438 2507 tamen

439 2541 570 2624 capiam
585 2562 665 2609 eum
676 2575 713 2585 -
724 2562 847 2610 urceus
862 2541 953 2609 enim
969 2540 1113 2623 quisque
1128 2545 1274 2622 puteum
1288 2537 1439 2621 aliquan·

439 2640 483 2710 do
496 2662 566 2710 uno
581 2641 659 2724 plus
673 2662 772 2723 aequo
787 2640 866 2709 adit.
883 2640 1031 2710 Nullane
1046 2646 1098 2710 est
1107 2661 1184 2722 spes
1195 2659 1275 2708 eum
1289 2637 1354 2720 hic,
1364 2637 1438 2707 Neo

440 2740 592 2819 Eboraci,
607 2740 803 2823 capiendi'l''

523 2839 610 2910 “Vix
625 2861 697 2909 esse
713 2839 887 2910 existimo”
910 2840 958 2909 ait
974 2839 1135 2922 Godfrey.

524 2939 637 3010 “Cave
652 2947 723 3009 tam
739 2940 784 3010 sis
798 2946 913 3009 certus
925 2940 956 3010 !'’
971 2939 1090 3009 incidit
1105 2937 1220 3021 Grady
1237 2959 1300 3006 suo
1314 2936 1440 3020 ponde·

440 3063 487 3111 re.
502 3039 590 3110 “Res
608 3062 686 3110 mea
700 3039 847 3110 necdum
877 3046 929 3110 est
943 3040 1100 3110 absoluta
1119 3073 1160 3084 -
1178 3038 1272 3108 nullo
1301 3058 1440 3120 prorsus

440 3147 539 3224 pacto
548 3139 577 3208 !''

525 3238 694 3322 “Ignosce,
710 3240 857 3322 obsecro,
873 3240 962 3309 Here
978 3239 1087 3322 Pigot,
1103 3238 1194 3321 quod
1208 3237 1290 3308 hero
1314 3237 1394 3307 huic
1404 3244 1440 3306 te

440 3362 508 3410 non
518 3341 619 3422 stiti,'’
628 3341 725 3409 fatur
736 3339 1085 3423 Godrrey,⁴‘herushic
1094 3346 1147 3409 est
1158 3338 1345 3422 Grady,qui
1353 3359 1441 3420 prae·

440 3441 690 3510 fectusnostrae
700 3439 846 3509 decuriae
856 3446 1021 3522 agentum
1035 3439 1115 3520 fuit;
1135 3437 1442 3508 hicautemesthe·

441 3562 501 3610 rus
515 3538 717 3622 Simmonds,
733 3561 751 3609 e
766 3539 928 3609 membris
949 3538 1076 3608 consilii
1090 3539 1174 3620 eius;
1191 3539 1244 3608 vir
1258 3538 1312 3607 hic
1336 3537 1441 3607 herus

443 3641 572 3721 Lester,
588 3640 784 3722 advocatus,
809 3661 975 3722 meusque
997 3637 1127 3709 amicus
1143 3646 1214 3721 est;
1237 3638 1292 3707 vir
1306 3637 1360 3707 hic
1385 3638 1443 3707 he

442 3761 501 3810 rus
509 3738 686 3810 Shearrow
697 3745 759 3821 est,
770 3741 944 3809 consultor
953 3761 1051 3809 meus
1059 3739 1226 3822 proprius.
1238 3737 1352 3808 Herus
1360 3738 1442 3808 Gra-

442 3840 497 3922 dy,
513 3839 617 3908 herus
639 3839 839 3922 Simmonds‚
865 3846 969 3922 atque
992 3840 1097 3909 herus
1120 3840 1239 3909 Lester
1264 3845 1363 3908 nocte
1385 3837 1443 3906 he-

443 3940 588 4022 stema,”
616 3940 739 4009 blande
760 3940 947 4021 subiunxit,
973 3938 1101 4022 “quum
1112 3939 1282 4009 Crochard
1290 3938 1443 4008 forulum

446 4040 617 4109 occultum
632 4048 824 4123 aperuerat,
838 4041 939 4110 simul
953 4040 1220 4109 interfuerunt.”

532 4140 646 4224 Grady
662 4140 786 4212 sensim
802 4140 924 4211 rubore
953 4147 1006 4211 est
1026 4140 1191 4222 suffusus,
1214 4139 1297 4224 quin
1319 4145 1355 4209 et
1378 4159 1443 4222 ego
