3502 5158
778 865 925 920 PULMEN
1308 864 1349 932 41

354 1027 401 1097 mi
415 1027 544 1178 I'fster.
566 1030 735 1114 Exspecta
748 1033 919 1120 paulisper
938 1035 1022 1107 dum
1047 1037 1165 1110 Parisii
1191 1043 1349 1126 eloquan-

354 1134 413 1197 tur
422 1181 529 1300 '“Hoc
544 1229 757 1315 admoneor,''
772 1233 912 1318 inquam
927 1259 982 1307 me
998 1239 1141 1324 erigens,
1153 1240 1257 1314 “mihi
1268 1268 1350 1330 quo

353 1349 419 1412 que
446 1330 592 1400 Parisios
627 1334 884 1405 remuicandum
909 1358 982 1408 esse
1016 1342 1155 1424 negotio
1197 1344 1346 1426 quodam

351 1428 458 1512 ipsius
472 1430 651 1501 Vantine.''

436 1528 628 1601 “Eodemne
642 1533 708 1602 isto
722 1534 861 1616 negotio
867 1536 903 1606 ?''

435 1630 534 1700 “Non
548 1631 631 1714 isto;
652 1633 825 1704 institores
840 1636 914 1707 eius
937 1637 1027 1711 illinc
1043 1645 1284 1726 supellectilem
1305 1651 1347 1733 ei,

351 1753 429 1815 quae
443 1754 512 1801 non
527 1753 590 1802 sua
604 1739 666 1815 est,
681 1735 919 1816 permiserunt.
935 1737 1037 1811 Hunc
1053 1765 1202 1816 errorem
1217 1770 1296 1819 cum
1308 1751 1348 1821 iis

351 1854 406 1902 me
420 1854 621 1916 componere
635 1832 765 1904 iussit.''

434 1932 538 2003 Pulsu
552 1933 639 2002 nolae
653 1955 799 2018 puerum
810 1937 992 2010 atriensem
1005 1945 1175 2030 accersivi,
1186 1948 1347 2022 albulam¹

351 2033 567 2104 remuicalem
582 2033 699 2117 petivi,
714 2042 819 2119 atque
847 2041 1010 2111 nuntium
1024 2042 1067 2113 ad
1082 2046 1235 2120 Armand
1250 2051 1281 2122 dr
1296 2054 1348 2124 Fi-

348 2136 432 2205 lium
446 2133 522 2204 misi
536 2155 594 2204 eos
609 2134 651 2204 de
666 2156 779 2206 errore
795 2137 988 2223 edocturus,
1003 2165 1197 2231 nomenque
1220 2150 1346 2226 domini

349 2257 446 2318 arcae,
462 2255 540 2318 quae
553 2233 655 2304 modo
669 2236 762 2318 apud
776 2238 925 2311 Vantine
940 2250 1002 2325 est,
1030 2246 1074 2315 ab
1099 2247 1141 2318 iis
1166 2255 1347 2334 postulavi

350 2337 440 2406 Dum
455 2356 519 2418 ego
533 2334 613 2405 huic
635 2335 685 2405 rei
711 2357 849 2420 operam
874 2340 1007 2427 dabam,
1033 2344 1186 2432 Godfrey
1205 2355 1348 2428 medita-

347 2435 483 2506 bundus
497 2436 704 2518 sumensque
719 2435 858 2508 sedebat
882 2443 987 2512 oculis
1012 2445 1095 2516 nihil
1120 2455 1347 2542 cementibus,

348 2537 408 2606 et
398 2558 434 2605 m
450 2535 550 2605 irrane
564 2534 658 2618 fixis3
692 2534 751 2606 sed
765 2559 873 2620 quum
889 2563 955 2624 ego
969 2544 1095 2616 iterum
1117 2553 1346 2641 consederam,

347 2636 564 2719 famamque
589 2636 633 2706 ad
658 2638 863 2721 colloquium
888 2648 1162 2728 prosequendum
1187 2658 1347 2729 accende·

346 2759 430 2820 ram,
445 2735 577 2806 somnia
591 2758 654 2807 sua
669 2739 826 2823 excussit,
843 2740 1011 2827 pileoque³
1027 2755 1165 2832 sumpto
1187 2753 1222 2822 in
1243 2758 1347 2838 pedes

345 2859 381 2908 se
398 2837 517 2908 erexit.

428 2937 531 3008 “Me
520 2946 647 3008 iterum
661 2938 822 3010 natinari4
836 2945 1003 3028 oportet,
1018 2947 1124 3019 fatur.
1154 2950 1238 3024 “Hic
1253 2958 1346 3028 sede·

344 3059 392 3122 re,
408 3038 690 3121 theoremataque
705 3049 821 3110 texere
836 3043 934 3124 plane
956 3045 1040 3116 nihil
1063 3051 1214 3131 proderit
1238 3054 1346 3129 donec

344 3139 446 3209 tuta
435 3138 598 3210 iaciamus
612 3137 851 3224 fundamenta,
874 3143 999 3224 quibus
1023 3148 1149 3232 aliquid
1174 3152 1344 3229 instruere

344 3239 541 3323 possimus?

425 3338 525 3410 “Una
550 3340 695 3410 saltem
685 3363 721 3410 ιιι
748 3361 785 3411 re
801 3341 1009 3429 Goldberger
1024 3369 1092 3418 non
1108 3354 1267 3440 erravit,”
1294 3358 1344 3428 in·

342 3461 457 3522 quam.
472 3438 575 3510 “Post
590 3447 690 3510 tuum
716 3440 902 3514 discessum
926 3449 1075 3518 ostendit
1060 3453 1195 3523 tnobis
1218 3467 1343 3529 cuncta

440 3625 464 3677 1.
481 3621 601 3686 Albula,
618 3624 722 3687 charta,
736 3627 781 3678 oui
795 3626 888 3679 nihil'
880 3629 1043 3696 inscriptum
1056 3639 1105 3695 est,
1125 3636 1172 3689 sed
1191 3637 1256 3690 ad
1248 3644 1344 3695 inscri-

341 3707 459 3760 bendum
472 3712 575 3772 parata.
587 3705 698 3759 Album
710 3708 840 3763 Romanis
851 3718 955 3767 notum.

439 3791 464 3842 2
475 3787 604 3842 stirpam
617 3797 718 3844 vocant
731 3791 824 3845 Latini
837 3795 960 3849 moderni
978 3801 1128 3863 vasculum,
1141 3806 1213 3871 quod
1225 3806 1342 3862 nicotia-

340 3875 376 3926 nd
393 3873 551 3936 referciunt,
572 3874 734 3937 accendunt,
755 3876 917 3945 fumumque
935 3897 984 3946 per
1000 3881 1171 3948 capitulum
1191 3898 1341 3962 exsugunt

437 3957 463 4010 3.
479 3955 581 4010 Pilauo
604 3963 794 4024 tegumentum
819 3967 860 4014 est
883 3964 989 4029 capitis,
1011 3967 1198 4036 plerumquee
1219 3974 1339 4029 coacttli

339 4040 453 4094 tactum.

434 4125 458 4178 4.
475 4122 630 4190 Ναιίιιαή,
651 4129 795 4196 campere,
810 4147 869 4184 esse
883 4131 1071 4198 negotiosum
1085 4142 1127 4190 est
1138 4138 1300 4196 Romanum.
