3554 5156
733 1922 886 1994 CAPUT
900 1921 965 1993 XII

661 2107 812 2190 Godsreu
826 2107 1038 2177 Eatmmtua.

430 2292 686 2375 Oeuususque
708 2290 784 2360 fixis
808 2289 950 2374 stabam,
976 2289 1161 2360 cachinnus
1184 2289 1351 2374 usquein

349 2391 489 2462 auribus
505 2391 693 2474 resonabat,
709 2412 817 2474 quum
833 2389 983 2474 Godfrey
998 2389 1041 2460 ad
1056 2411 1111 2460 me
1125 2391 1273 2461 accessit.

435 2490 532 2574 “Ipse
546 2490 666 2574 utique
681 2490 820 2573 evasit,”
835 2490 933 2560 fatur
946 2489 1079 2574 frigide.

432 2589 598 2661 “Prorsus
626 2590 693 2673 ita;
729 2589 987 2660 cachinnantem
1016 2611 1097 2660 eum
1125 2588 1241 2660 audivi
1253 2587 1282 2659 !''
1303 2591 1353 2661 in·

352 2711 467 2775 quam.

431 2789 581 2874 Godfrey
594 2812 650 2860 me
664 2790 842 2861 subitaneo
855 2789 979 2860 obtutu
996 2789 1137 2874 aspexit

431 2889 537 2974 “Ago
550 2890 598 2960 mi
612 2890 762 2973 Lester,''
776 2890 873 2960 fatur
888 2889 1105 2974 solabundus,
1120 2887 1224 2961 “cave
1237 2891 1353 2962 nervis

347 2991 418 3061 tuis
431 2989 560 3061 cedas”

432 3089 500 3161 “At
514 3089 651 3160 hicnon
667 3088 709 3159 de
721 3089 836 3160 nervis
848 3088 1045 3173 quaefiturss’
1060 3089 1211 3161 obtestor
1225 3111 1289 3175 ego
1302 3091 1353 3161 fe·

347 3213 386 3262 re
400 3197 560 3272 aetuans,
575 3188 752 3260 “distincte
765 3188 892 3259 audivi.
913 3189 987 3260 Nec
1009 3189 1053 3260 ab
1073 3189 1152 3260 hinc
1165 3189 1283 3274 procul
1296 3191 1353 3262 ab·

348 3313 421 3362 esse
434 3289 602 3362 videtu1.''

433 3388 577 3461 “Ptocul
591 3389 776 3460 admodum
791 3388 975 3472 quominus
984 3410 1046 3459 nos
1057 3411 1138 3460 eum
1148 3390 1352 3475 capiamus,”

348 3491 474 3575 regerit
490 3490 650 3574 Godfrey‚
665 3496 770 3574 atque
784 3489 986 3560 laternulam
996 3511 1120 3574 gerens
1133 3490 1177 3560 ad
1190 3490 1293 3561 limen
1302 3491 1353 3562 fe-

345 3597 470 3662 nestrae
484 3597 588 3674 atque
603 3590 713 3660 solum
727 3589 865 3672 circum,
880 3590 1073 3674 inspectum
1088 3591 1236 3661 accessit
1253 3589 1351 3662 “Hic-

349 3713 388 3761 ce
402 3697 454 3761 est
467 3690 562 3760 locus
575 3689 635 3759 ubi
649 3689 705 3759 ille
719 3688 845 3772 stetit,’'
866 3690 972 3774 fatur,
997 3711 1078 3760 nam
1102 3691 1247 3775 vestigIa
1271 3691 1353 3763 satis

350 3797 448 3861 erant
462 3790 561 3860 clara
584 3787 703 3859 “Viam
719 3810 789 3872 qua
803 3810 840 3859 sc
854 3789 1019 3872 reciperet
1043 3790 1165 3874 utique
1187 3791 1352 3874 pacavit?

350 3889 538 3975 subiungit,
552 3890 636 3960 dum
657 3888 860 3960 laternulam
875 3889 944 3959 huc
959 3897 994 3961 et
1007 3890 1087 3960 illuc
1109 3911 1260 3974 versans,
1284 3891 1354 3976 pla·

349 4013 431 4075 gam
444 3991 518 4061 eius
531 4012 592 4074 per
603 3989 774 4074 camitem
788 3989 984 4074 indagabat,
1005 3989 1121 4061 herbae
1135 3998 1251 4062 tamen
1268 3992 1354 4064 adeo

350 4098 448 4162 eram
462 4091 575 4162 densae
588 4097 630 4161 ut
644 4089 739 4161 nulla
753 4090 880 4173 species
894 4090 1117 4174 vestigiorum
1132 4091 1270 4176 reperin
1281 4113 1356 4178 pos·

347 4197 409 4264 set
