<?xml version="1.0" encoding="UTF-8"?>
<!DOCTYPE html PUBLIC "-//W3C//DTD XHTML 1.0 Transitional//EN"
    "http://www.w3.org/TR/xhtml1/DTD/xhtml1-transitional.dtd">
<html xmlns="http://www.w3.org/1999/xhtml" xml:lang="en" lang="en">
 <head>
  <title>
</title>
<meta http-equiv="Content-Type" content="text/html;charset=utf-8" />
  <meta name='ocr-system' content='tesseract 3.04.00' />
  <meta name='ocr-capabilities' content='ocr_page ocr_carea ocr_par ocr_line ocrx_word'/>
</head>
<body>
  <div class='ocr_page' id='page_1' title='image "./mysteriumarcbou00mogygoog/mysteriumarcbou00mogygoog_0288.png"; bbox 0 0 3500 5158; ppageno 0'>
   <div class='ocr_carea' id='block_1_1' title="bbox 676 875 1335 948">
    <p class='ocr_par' dir='ltr' id='par_1_1' title="bbox 676 875 1335 948">
     <span class='ocr_line' id='line_1_1' title="bbox 676 875 1335 948; baseline -0.002 -1"><span class='ocrx_word' id='word_1_1' title='bbox 676 891 867 948; x_wconf 82' lang='lat' dir='ltr'><strong>srcnrruu</strong></span> <span class='ocrx_word' id='word_1_2' title='bbox 888 893 996 948; x_wconf 73' lang='lat' dir='ltr'><strong>Anca</strong></span> <span class='ocrx_word' id='word_1_3' title='bbox 1272 875 1335 947; x_wconf 84' lang='lat'><strong>27³</strong></span> 
     </span>
    </p>
   </div>
   <div class='ocr_carea' id='block_1_2' title="bbox 333 1059 1340 3044">
    <p class='ocr_par' dir='ltr' id='par_1_2' title="bbox 333 1059 1337 1732">
     <span class='ocr_line' id='line_1_2' title="bbox 333 1059 1337 1144; baseline -0.004 -11"><span class='ocrx_word' id='word_1_4' title='bbox 333 1070 427 1134; x_wconf 89' lang='lat' dir='ltr'><strong>recto</strong></span> <span class='ocrx_word' id='word_1_5' title='bbox 441 1062 548 1131; x_wconf 86' lang='lat' dir='ltr'><strong>latere</strong></span> <span class='ocrx_word' id='word_1_6' title='bbox 562 1081 652 1130; x_wconf 85' lang='lat' dir='ltr'><strong>arcae</strong></span> <span class='ocrx_word' id='word_1_7' title='bbox 662 1066 724 1144; x_wconf 91' lang='lat' dir='ltr'><strong>est,</strong></span> <span class='ocrx_word' id='word_1_8' title='bbox 740 1060 877 1130; x_wconf 91' lang='lat' dir='ltr'><strong>omnino</strong></span> <span class='ocrx_word' id='word_1_9' title='bbox 892 1081 935 1130; x_wconf 85' lang='lat' dir='ltr'><strong>ex</strong></span> <span class='ocrx_word' id='word_1_10' title='bbox 949 1061 1094 1130; x_wconf 87' lang='lat' dir='ltr'><strong>adverso</strong></span> <span class='ocrx_word' id='word_1_11' title='bbox 1106 1061 1214 1143; x_wconf 90' lang='lat' dir='ltr'><strong>alteri,</strong></span> <span class='ocrx_word' id='word_1_12' title='bbox 1229 1059 1337 1142; x_wconf 91' lang='lat' dir='ltr'><strong>aperi·</strong></span> 
     </span>
     <span class='ocr_line' id='line_1_3' title="bbox 333 1159 1336 1264; baseline -0.003 -32"><span class='ocrx_word' id='word_1_13' title='bbox 333 1169 393 1232; x_wconf 91' lang='lat' dir='ltr'><strong>tur</strong></span> <span class='ocrx_word' id='word_1_14' title='bbox 407 1167 526 1231; x_wconf 88' lang='lat' dir='ltr'><strong>autern</strong></span> <span class='ocrx_word' id='word_1_15' title='bbox 541 1181 680 1243; x_wconf 84' lang='lat' dir='ltr'><strong>prorsus</strong></span> <span class='ocrx_word' id='word_1_16' title='bbox 695 1159 815 1264; x_wconf 78' lang='lat' dir='ltr'><strong>eodem</strong></span> <span class='ocrx_word' id='word_1_17' title='bbox 829 1162 930 1230; x_wconf 91' lang='lat' dir='ltr'><strong>modo</strong></span> <span class='ocrx_word' id='word_1_18' title='bbox 944 1182 985 1230; x_wconf 92' lang='lat' dir='ltr'><strong>ac</strong></span> <span class='ocrx_word' id='word_1_19' title='bbox 999 1159 1133 1230; x_wconf 77' lang='lat' dir='ltr'><strong>techna.</strong></span> <span class='ocrx_word' id='word_1_20' title='bbox 1155 1161 1336 1230; x_wconf 86' lang='lat' dir='ltr'><strong>Verumta-</strong></span> 
     </span>
     <span class='ocr_line' id='line_1_4' title="bbox 333 1260 1337 1344; baseline -0.004 -11"><span class='ocrx_word' id='word_1_21' title='bbox 333 1284 412 1333; x_wconf 91' lang='lat' dir='ltr'><strong>men</strong></span> <span class='ocrx_word' id='word_1_22' title='bbox 427 1260 556 1344; x_wconf 85' lang='lat' dir='ltr'><strong>aliquid</strong></span> <span class='ocrx_word' id='word_1_23' title='bbox 570 1261 687 1343; x_wconf 82' lang='lat' dir='ltr'><strong>magni</strong></span> <span class='ocrx_word' id='word_1_24' title='bbox 714 1260 866 1330; x_wconf 85' lang='lat' dir='ltr'><strong>interest.</strong></span> <span class='ocrx_word' id='word_1_25' title='bbox 889 1260 987 1330; x_wconf 85' lang='lat' dir='ltr'><strong>Circa</strong></span> <span class='ocrx_word' id='word_1_26' title='bbox 1010 1261 1158 1343; x_wconf 86' lang='lat' dir='ltr'>priorem</span> <span class='ocrx_word' id='word_1_27' title='bbox 1182 1261 1337 1332; x_wconf 87' lang='lat' dir='ltr'><strong>forulum</strong></span> 
     </span>
     <span class='ocr_line' id='line_1_5' title="bbox 333 1359 1337 1444; baseline -0.003 -12"><span class='ocrx_word' id='word_1_28' title='bbox 333 1362 417 1432; x_wconf 90' lang='lat' dir='ltr'><strong>nihil</strong></span> <span class='ocrx_word' id='word_1_29' title='bbox 430 1367 484 1431; x_wconf 89' lang='lat' dir='ltr'><strong>est</strong></span> <span class='ocrx_word' id='word_1_30' title='bbox 500 1359 592 1444; x_wconf 89' lang='lat' dir='ltr'><strong>quod</strong></span> <span class='ocrx_word' id='word_1_31' title='bbox 606 1360 753 1443; x_wconf 88' lang='lat' dir='ltr'><strong>cuipiam</strong></span> <span class='ocrx_word' id='word_1_32' title='bbox 779 1367 919 1443; x_wconf 88' lang='lat' dir='ltr'><strong>noceat;</strong></span> <span class='ocrx_word' id='word_1_33' title='bbox 952 1361 1039 1430; x_wconf 89' lang='lat' dir='ltr'><strong>alter</strong></span> <span class='ocrx_word' id='word_1_34' title='bbox 1061 1367 1179 1430; x_wconf 90' lang='lat' dir='ltr'><strong>autem</strong></span> <span class='ocrx_word' id='word_1_35' title='bbox 1204 1381 1337 1429; x_wconf 91' lang='lat' dir='ltr'><strong>veneno</strong></span> 
     </span>
     <span class='ocr_line' id='line_1_6' title="bbox 334 1460 1337 1544; baseline -0.003 -11"><span class='ocrx_word' id='word_1_36' title='bbox 334 1461 534 1544; x_wconf 85' lang='lat' dir='ltr'><strong>custoditur,</strong></span> <span class='ocrx_word' id='word_1_37' title='bbox 549 1460 696 1530; x_wconf 85' lang='lat' dir='ltr'><strong>maxime</strong></span> <span class='ocrx_word' id='word_1_38' title='bbox 710 1460 863 1530; x_wconf 89' lang='lat' dir='ltr'><strong>omnium</strong></span> <span class='ocrx_word' id='word_1_39' title='bbox 893 1481 971 1543; x_wconf 87' lang='lat' dir='ltr'><strong>quae</strong></span> <span class='ocrx_word' id='word_1_40' title='bbox 992 1481 1146 1543; x_wconf 87' lang='lat' dir='ltr'><strong>unquam</strong></span> <span class='ocrx_word' id='word_1_41' title='bbox 1172 1460 1337 1530; x_wconf 84' lang='lat' dir='ltr'><strong>terricolae</strong></span> 
     </span>
     <span class='ocr_line' id='line_1_7' title="bbox 334 1559 1336 1644; baseline -0.002 -12"><span class='ocrx_word' id='word_1_42' title='bbox 334 1560 502 1644; x_wconf 89' lang='lat' dir='ltr'><strong>viderant,</strong></span> <span class='ocrx_word' id='word_1_43' title='bbox 542 1561 729 1631; x_wconf 77' lang='lat' dir='ltr'><strong>mortifero.</strong></span> <span class='ocrx_word' id='word_1_44' title='bbox 770 1561 959 1631; x_wconf 85' lang='lat' dir='ltr'><strong>Attendite.</strong></span> <span class='ocrx_word' id='word_1_45' title='bbox 1006 1559 1130 1631; x_wconf 89' lang='lat' dir='ltr'><strong>Animo</strong></span> <span class='ocrx_word' id='word_1_46' title='bbox 1158 1560 1336 1642; x_wconf 86' lang='lat' dir='ltr'><strong>attendite,</strong></span> 
     </span>
     <span class='ocr_line' id='line_1_8' title="bbox 336 1660 517 1732; baseline -0.011 0"><span class='ocrx_word' id='word_1_47' title='bbox 336 1660 477 1732; x_wconf 87' lang='lat' dir='ltr'><strong>obsecro</strong></span> <span class='ocrx_word' id='word_1_48' title='bbox 486 1660 517 1730; x_wconf 88' lang='lat'><strong>!”</strong></span> 
     </span>
    </p>

    <p class='ocr_par' dir='ltr' id='par_1_3' title="bbox 335 1759 1338 2444">
     <span class='ocr_line' id='line_1_9' title="bbox 418 1759 1338 1854; baseline 0 -24"><span class='ocrx_word' id='word_1_49' title='bbox 418 1761 543 1830; x_wconf 86' lang='lat' dir='ltr'><strong>Animo</strong></span> <span class='ocrx_word' id='word_1_50' title='bbox 557 1760 642 1831; x_wconf 86' lang='lat' dir='ltr'><strong>adeo</strong></span> <span class='ocrx_word' id='word_1_51' title='bbox 665 1761 834 1854; x_wconf 87' lang='lat' dir='ltr'><strong>concitato</strong></span> <span class='ocrx_word' id='word_1_52' title='bbox 857 1783 950 1831; x_wconf 89' lang='lat' dir='ltr'><strong>eram</strong></span> <span class='ocrx_word' id='word_1_53' title='bbox 975 1768 1016 1831; x_wconf 92' lang='lat' dir='ltr'><strong>ut</strong></span> <span class='ocrx_word' id='word_1_54' title='bbox 1041 1783 1139 1845; x_wconf 84' lang='lat' dir='ltr'><strong>paene</strong></span> <span class='ocrx_word' id='word_1_55' title='bbox 1165 1759 1338 1831; x_wconf 80' lang='lat' dir='ltr'><strong>febricita-</strong></span> 
     </span>
     <span class='ocr_line' id='line_1_10' title="bbox 335 1859 1337 1944; baseline 0 -13"><span class='ocrx_word' id='word_1_56' title='bbox 335 1882 419 1944; x_wconf 88' lang='lat' dir='ltr'><strong>rem,</strong></span> <span class='ocrx_word' id='word_1_57' title='bbox 433 1859 527 1932; x_wconf 86' lang='lat' dir='ltr'><strong>etde</strong></span> <span class='ocrx_word' id='word_1_58' title='bbox 542 1861 624 1930; x_wconf 90' lang='lat' dir='ltr'><strong>sella</strong></span> <span class='ocrx_word' id='word_1_59' title='bbox 637 1881 783 1943; x_wconf 79' lang='lat' dir='ltr'>surgens</span> <span class='ocrx_word' id='word_1_60' title='bbox 797 1861 936 1944; x_wconf 91' lang='lat' dir='ltr'><strong>propius</strong></span> <span class='ocrx_word' id='word_1_61' title='bbox 950 1862 995 1931; x_wconf 89' lang='lat' dir='ltr'><strong>ad</strong></span> <span class='ocrx_word' id='word_1_62' title='bbox 1010 1883 1091 1931; x_wconf 93' lang='lat' dir='ltr'><strong>eum</strong></span> <span class='ocrx_word' id='word_1_63' title='bbox 1115 1861 1249 1931; x_wconf 83' lang='lat' dir='ltr'><strong>accessi.</strong></span> <span class='ocrx_word' id='word_1_64' title='bbox 1274 1861 1337 1930; x_wconf 91' lang='lat' dir='ltr'><strong>Us-</strong></span> 
     </span>
     <span class='ocr_line' id='line_1_11' title="bbox 336 1959 1338 2046; baseline -0.002 -14"><span class='ocrx_word' id='word_1_65' title='bbox 336 1982 406 2046; x_wconf 85' lang='lat' dir='ltr'><strong>que</strong></span> <span class='ocrx_word' id='word_1_66' title='bbox 420 1959 528 2031; x_wconf 86' lang='lat' dir='ltr'><strong>verba</strong></span> <span class='ocrx_word' id='word_1_67' title='bbox 542 1981 658 2030; x_wconf 89' lang='lat' dir='ltr'><strong>serens</strong></span> <span class='ocrx_word' id='word_1_68' title='bbox 672 1960 707 2029; x_wconf 95' lang='lat' dir='ltr'><strong>in</strong></span> <span class='ocrx_word' id='word_1_69' title='bbox 722 1982 836 2030; x_wconf 90' lang='lat' dir='ltr'><strong>arcam</strong></span> <span class='ocrx_word' id='word_1_70' title='bbox 860 1961 1047 2044; x_wconf 85' lang='lat' dir='ltr'><strong>inclinavit,</strong></span> <span class='ocrx_word' id='word_1_71' title='bbox 1062 1960 1240 2044; x_wconf 87' lang='lat' dir='ltr'><strong>tribusque</strong></span> <span class='ocrx_word' id='word_1_72' title='bbox 1255 1961 1338 2045; x_wconf 84' lang='lat' dir='ltr'><strong>digi-</strong></span> 
     </span>
     <span class='ocr_line' id='line_1_12' title="bbox 336 2059 1338 2144; baseline 0.001 -14"><span class='ocrx_word' id='word_1_73' title='bbox 336 2061 380 2131; x_wconf 88' lang='lat' dir='ltr'><strong>tis</strong></span> <span class='ocrx_word' id='word_1_74' title='bbox 394 2059 439 2130; x_wconf 93' lang='lat' dir='ltr'><strong>ab</strong></span> <span class='ocrx_word' id='word_1_75' title='bbox 454 2081 514 2130; x_wconf 88' lang='lat' dir='ltr'><strong>ora</strong></span> <span class='ocrx_word' id='word_1_76' title='bbox 528 2060 649 2130; x_wconf 86' lang='lat' dir='ltr'><strong>dextra</strong></span> <span class='ocrx_word' id='word_1_77' title='bbox 663 2059 843 2143; x_wconf 87' lang='lat' dir='ltr'><strong>dispositis,</strong></span> <span class='ocrx_word' id='word_1_78' title='bbox 858 2060 1018 2144; x_wconf 83' lang='lat' dir='ltr'><strong>choragia</strong></span> <span class='ocrx_word' id='word_1_79' title='bbox 1042 2061 1220 2144; x_wconf 86' lang='lat' dir='ltr'><strong>impressit.</strong></span> <span class='ocrx_word' id='word_1_80' title='bbox 1257 2060 1338 2132; x_wconf 91' lang='lat' dir='ltr'><strong>Stri-</strong></span> 
     </span>
     <span class='ocr_line' id='line_1_13' title="bbox 336 2159 1338 2244; baseline 0.001 -14"><span class='ocrx_word' id='word_1_81' title='bbox 336 2159 399 2231; x_wconf 91' lang='lat' dir='ltr'><strong>dor</strong></span> <span class='ocrx_word' id='word_1_82' title='bbox 423 2167 547 2230; x_wconf 88' lang='lat' dir='ltr'><strong>acutus</strong></span> <span class='ocrx_word' id='word_1_83' title='bbox 571 2160 774 2244; x_wconf 88' lang='lat' dir='ltr'><strong>percrepuit,</strong></span> <span class='ocrx_word' id='word_1_84' title='bbox 801 2181 881 2244; x_wconf 90' lang='lat' dir='ltr'><strong>pars</strong></span> <span class='ocrx_word' id='word_1_85' title='bbox 903 2161 1028 2230; x_wconf 91' lang='lat' dir='ltr'><strong>musivi</strong></span> <span class='ocrx_word' id='word_1_86' title='bbox 1051 2163 1205 2230; x_wconf 90' lang='lat' dir='ltr'><strong>ansulam</strong></span> <span class='ocrx_word' id='word_1_87' title='bbox 1226 2161 1338 2244; x_wconf 76' lang='lat' dir='ltr'><strong>profe</strong></span> 
     </span>
     <span class='ocr_line' id='line_1_14' title="bbox 337 2259 1337 2344; baseline -0.001 -12"><span class='ocrx_word' id='word_1_88' title='bbox 337 2281 417 2332; x_wconf 88' lang='lat' dir='ltr'><strong>rens</strong></span> <span class='ocrx_word' id='word_1_89' title='bbox 430 2259 559 2342; x_wconf 90' lang='lat' dir='ltr'><strong>recidit,</strong></span> <span class='ocrx_word' id='word_1_90' title='bbox 584 2281 625 2330; x_wconf 91' lang='lat' dir='ltr'><strong>eo</strong></span> <span class='ocrx_word' id='word_1_91' title='bbox 651 2280 790 2344; x_wconf 89' lang='lat' dir='ltr'><strong>prorsus</strong></span> <span class='ocrx_word' id='word_1_92' title='bbox 816 2260 916 2330; x_wconf 91' lang='lat' dir='ltr'><strong>modo</strong></span> <span class='ocrx_word' id='word_1_93' title='bbox 941 2282 1011 2344; x_wconf 89' lang='lat' dir='ltr'><strong>quo</strong></span> <span class='ocrx_word' id='word_1_94' title='bbox 1036 2259 1071 2330; x_wconf 91' lang='lat' dir='ltr'><strong>in</strong></span> <span class='ocrx_word' id='word_1_95' title='bbox 1087 2261 1231 2330; x_wconf 88' lang='lat' dir='ltr'><strong>adversa</strong></span> <span class='ocrx_word' id='word_1_96' title='bbox 1249 2282 1337 2332; x_wconf 87' lang='lat' dir='ltr'><strong>arcae</strong></span> 
     </span>
     <span class='ocr_line' id='line_1_15' title="bbox 337 2367 690 2444; baseline 0 -14"><span class='ocrx_word' id='word_1_97' title='bbox 337 2367 435 2444; x_wconf 88' lang='lat' dir='ltr'><strong>parte</strong></span> <span class='ocrx_word' id='word_1_98' title='bbox 449 2381 690 2444; x_wconf 83' lang='lat' dir='ltr'><strong>compereram.</strong></span> 
     </span>
    </p>

    <p class='ocr_par' dir='ltr' id='par_1_4' title="bbox 337 2459 1340 2842">
     <span class='ocr_line' id='line_1_16' title="bbox 422 2459 1340 2544; baseline 0.002 -14"><span class='ocrx_word' id='word_1_99' title='bbox 422 2459 536 2530; x_wconf 89' lang='lat' dir='ltr'><strong>Herus</strong></span> <span class='ocrx_word' id='word_1_100' title='bbox 551 2459 652 2543; x_wconf 76' lang='lat' dir='ltr'><strong>Pigot</strong></span> <span class='ocrx_word' id='word_1_101' title='bbox 667 2459 839 2544; x_wconf 86' lang='lat' dir='ltr'><strong>paulisper</strong></span> <span class='ocrx_word' id='word_1_102' title='bbox 853 2482 980 2542; x_wconf 88' lang='lat' dir='ltr'><strong>anceps</strong></span> <span class='ocrx_word' id='word_1_103' title='bbox 994 2461 1147 2530; x_wconf 89' lang='lat' dir='ltr'><strong>haerebat</strong></span> <span class='ocrx_word' id='word_1_104' title='bbox 1158 2495 1200 2508; x_wconf 93' lang='lat'><em>-</em></span> <span class='ocrx_word' id='word_1_105' title='bbox 1211 2460 1247 2531; x_wconf 93' lang='lat' dir='ltr'><strong>in</strong></span> <span class='ocrx_word' id='word_1_106' title='bbox 1262 2483 1340 2532; x_wconf 93' lang='lat' dir='ltr'><strong>con·</strong></span> 
     </span>
     <span class='ocr_line' id='line_1_17' title="bbox 337 2560 1338 2643; baseline 0.003 -14"><span class='ocrx_word' id='word_1_107' title='bbox 337 2565 458 2643; x_wconf 91' lang='lat' dir='ltr'><strong>spectu</strong></span> <span class='ocrx_word' id='word_1_108' title='bbox 473 2560 572 2641; x_wconf 83' lang='lat' dir='ltr'><strong>tanti,</strong></span> <span class='ocrx_word' id='word_1_109' title='bbox 588 2566 728 2643; x_wconf 85' lang='lat' dir='ltr'><strong>tamque</strong></span> <span class='ocrx_word' id='word_1_110' title='bbox 740 2560 909 2631; x_wconf 79' lang='lat' dir='ltr'><strong>mortiferi</strong></span> <span class='ocrx_word' id='word_1_111' title='bbox 939 2560 1140 2630; x_wconf 90' lang='lat' dir='ltr'><strong>discriminis</strong></span> <span class='ocrx_word' id='word_1_112' title='bbox 1153 2582 1254 2631; x_wconf 87' lang='lat' dir='ltr'><strong>nemo</strong></span> <span class='ocrx_word' id='word_1_113' title='bbox 1268 2583 1338 2632; x_wconf 92' lang='lat' dir='ltr'><strong>non</strong></span> 
     </span>
     <span class='ocr_line' id='line_1_18' title="bbox 337 2658 1338 2742; baseline 0.003 -14"><span class='ocrx_word' id='word_1_114' title='bbox 337 2679 462 2742; x_wconf 89' lang='lat' dir='ltr'><strong>anceps</strong></span> <span class='ocrx_word' id='word_1_115' title='bbox 485 2658 657 2729; x_wconf 80' lang='lat' dir='ltr'><strong>haesisset!</strong></span> <span class='ocrx_word' id='word_1_116' title='bbox 683 2695 725 2704; x_wconf 95' lang='lat'>-</span> <span class='ocrx_word' id='word_1_117' title='bbox 749 2659 827 2730; x_wconf 91' lang='lat' dir='ltr'><strong>dein</strong></span> <span class='ocrx_word' id='word_1_118' title='bbox 853 2663 937 2731; x_wconf 74' lang='lat' dir='ltr'><strong>ansa</strong></span> <span class='ocrx_word' id='word_1_119' title='bbox 961 2661 1066 2730; x_wconf 83' lang='lat' dir='ltr'><strong>foruli</strong></span> <span class='ocrx_word' id='word_1_120' title='bbox 1087 2682 1191 2730; x_wconf 91' lang='lat' dir='ltr'><strong>manu</strong></span> <span class='ocrx_word' id='word_1_121' title='bbox 1206 2669 1338 2732; x_wconf 86' lang='lat' dir='ltr'><strong>annata</strong></span> 
     </span>
     <span class='ocr_line' id='line_1_19' title="bbox 339 2759 993 2842; baseline 0.006 -15"><span class='ocrx_word' id='word_1_122' title='bbox 339 2759 517 2842; x_wconf 75' lang='lat' dir='ltr'><strong>prehenso,</strong></span> <span class='ocrx_word' id='word_1_123' title='bbox 532 2759 686 2830; x_wconf 83' lang='lat' dir='ltr'><strong>forulum</strong></span> <span class='ocrx_word' id='word_1_124' title='bbox 700 2761 855 2830; x_wconf 89' lang='lat' dir='ltr'><strong>celeriter</strong></span> <span class='ocrx_word' id='word_1_125' title='bbox 869 2761 993 2832; x_wconf 90' lang='lat' dir='ltr'><strong>evellit.</strong></span> 
     </span>
    </p>

    <p class='ocr_par' dir='ltr' id='par_1_5' title="bbox 338 2857 1338 3044">
     <span class='ocr_line' id='line_1_20' title="bbox 422 2857 1338 2946; baseline 0.004 -18"><span class='ocrx_word' id='word_1_126' title='bbox 422 2857 579 2942; x_wconf 87' lang='lat' dir='ltr'><strong>Crepitus</strong></span> <span class='ocrx_word' id='word_1_127' title='bbox 593 2859 739 2929; x_wconf 85' lang='lat' dir='ltr'><strong>stridens</strong></span> <span class='ocrx_word' id='word_1_128' title='bbox 753 2859 904 2944; x_wconf 87' lang='lat' dir='ltr'><strong>chalybis</strong></span> <span class='ocrx_word' id='word_1_129' title='bbox 916 2882 1018 2944; x_wconf 91' lang='lat' dir='ltr'><strong>super</strong></span> <span class='ocrx_word' id='word_1_130' title='bbox 1039 2860 1216 2946; x_wconf 89' lang='lat' dir='ltr'><strong>chalybem</strong></span> <span class='ocrx_word' id='word_1_131' title='bbox 1236 2883 1338 2932; x_wconf 86' lang='lat' dir='ltr'><strong>exau-</strong></span> 
     </span>
     <span class='ocr_line' id='line_1_21' title="bbox 338 2958 911 3044; baseline 0.003 -15"><span class='ocrx_word' id='word_1_132' title='bbox 338 2958 507 3041; x_wconf 87' lang='lat' dir='ltr'><strong>diebatur,</strong></span> <span class='ocrx_word' id='word_1_133' title='bbox 521 2965 627 3042; x_wconf 85' lang='lat' dir='ltr'><strong>atque</strong></span> <span class='ocrx_word' id='word_1_134' title='bbox 640 2959 777 3030; x_wconf 85' lang='lat' dir='ltr'><strong>forulus</strong></span> <span class='ocrx_word' id='word_1_135' title='bbox 790 2961 911 3044; x_wconf 82' lang='lat' dir='ltr'><strong>patuit.</strong></span> 
     </span>
    </p>
   </div>
   <div class='ocr_carea' id='block_1_3' title="bbox 753 3367 924 3748">
    <p class='ocr_par' dir='ltr' id='par_1_6' title="bbox 753 3367 924 3748">
     <span class='ocr_line' id='line_1_22' title="bbox 753 3367 924 3748; baseline 0 0"><span class='ocrx_word' id='word_1_136' title='bbox 753 3367 924 3748; x_wconf 64' lang='lat' dir='ltr'><strong>ill</strong></span> 
     </span>
    </p>
   </div>
   <div class='ocr_carea' id='block_1_4' title="bbox 0 0 1764 5158">
    <p class='ocr_par' dir='ltr' id='par_1_7' title="bbox 0 0 1764 5158">
     <span class='ocr_line' id='line_1_23' title="bbox 0 0 1764 5158; baseline 0 0"><span class='ocrx_word' id='word_1_137' title='bbox 0 0 1764 5158; x_wconf 95' lang='lat' dir='ltr'><strong> </strong></span> 
     </span>
    </p>
   </div>
  </div>
 </body>
</html>
