3500 5158
397 876 460 947 252
658 891 867 948 msrmrun
887 891 996 948 Axon
1017 885 1136 948 soum

398 1060 625 1143 pervenimus.
648 1059 725 1131 Duo
738 1061 846 1131 nostri
870 1061 1011 1132 comites
1025 1061 1079 1130 hic
1093 1083 1115 1131 a
1129 1059 1227 1130 nobis
1241 1060 1400 1131 discesse-

399 1168 481 1231 runt
495 1161 538 1230 ad
553 1161 728 1245 videndos,
744 1169 784 1231 ut
798 1168 893 1244 puto,
908 1161 1151 1231 eminentiores
1162 1159 1327 1244 quosdam
1342 1181 1397 1230 ve

397 1269 519 1343 ctores,
545 1282 690 1344 quorum
716 1261 903 1332 sententias
928 1261 1015 1332 circa
1041 1261 1234 1344 questiones
1256 1260 1323 1330 diei
1345 1259 1399 1342 (ut

399 1361 491 1430 credi
505 1360 598 1442 licet)
619 1384 662 1430 ex
677 1383 844 1432 consensu
859 1360 956 1444 vulgi
971 1383 1173 1445 cognoscere
1188 1367 1225 1431 et
1239 1368 1398 1444 expetere

398 1461 614 1531 videbantur.
636 1461 788 1545 Godfrey
802 1463 954 1546 constitit
979 1469 1059 1532 ante
1084 1462 1252 1531 officinam
1278 1460 1398 1543 aerarii,

399 1563 634 1646 pagellamque
642 1583 739 1632 suam
748 1562 1045 1632 nomenclatoriam
1053 1584 1113 1645 per
1121 1563 1334 1632 fenestellam
1343 1561 1400 1630 ho

400 1663 485 1732 mini
499 1661 534 1731 in
550 1669 647 1745 septo
662 1662 821 1745 porrexit.

485 1777 638 1848 “Herum
666 1778 777 1862 Pigot,
804 1780 1008 1861 praefectum
1025 1781 1176 1850 Sec-vitii
1190 1778 1402 1850 Securitatis

401 1880 581 1948 Poro‘so’ooi
596 1879 719 1948 vellem
733 1881 850 1961 paucis
863 1879 1076 1960 convenire,”
1102 1878 1224 1961 inquit.
1247 1877 1401 1948 “Fortes

401 2001 437 2048 sc
452 2000 513 2061 pro
529 1985 589 2049 tua
603 1978 817 2048 humanitate
838 1978 972 2049 curabis
986 1986 1028 2048 ut
1041 1979 1163 2061 aliquis
1187 1977 1401 2048 mediastino-

402 2083 490 2148 rum¹
507 2078 806 2148 nomenclatoriarn
820 2101 932 2148 meam
947 2078 990 2147 ad
1006 2101 1086 2149 eum
1099 2079 1264 2148 deierat.”

485 2193 607 2265 “Haud
623 2197 687 2264 erit
702 2217 848 2278 necesse,
860 2195 907 2265 mi
918 2196 1040 2279 Here‚''
1056 2195 1186 2265 urbane
1197 2195 1253 2265 ille
1264 2216 1402 2278 respon·

402 2296 470 2366 det.
497 2293 631 2365 “Herus
655 2295 756 2378 Pigot
779 2295 844 2364 illic
870 2303 938 2365 stat
964 2331 1006 2342 -
1020 2295 1074 2366 vir
1088 2297 1143 2366 ille
1157 2295 1250 2366 canis
1265 2295 1401 2378 capillis,

402 2403 500 2477 tergo
515 2393 559 2464 ad
573 2417 636 2465 nos
650 2417 779 2464 versus.
812 2395 1087 2479 Exspectandum
1112 2404 1230 2465 tamen
1252 2395 1314 2465 tibi
1337 2394 1402 2464 erit

403 2495 573 2565 modicum
581 2517 590 2578 ;
611 2495 641 2565 is
655 2495 745 2564 enim
761 2496 913 2578 quicum
928 2516 969 2566 eo
984 2497 1084 2565 modo
1099 2495 1172 2578 agit
1186 2517 1208 2565 a
1222 2495 1401 2565 consulatu

403 2594 564 2665 Francico
580 2601 642 2678 est,
657 2596 842 2678 paucisque
856 2602 937 2665 ante
952 2596 1134 2666 momentis
1147 2595 1318 2666 advenit.''

485 2711 631 2781 Vultum
647 2712 850 2795 Inspectoris
864 2713 966 2796 Pigot
991 2712 1107 2783 videre
1131 2734 1200 2782 non
1226 2720 1402 2796 poteram

404 2811 629 2882 animadverti
643 2819 759 2882 tamen
775 2813 848 2881 eius
863 2820 1032 2882 staturam
1047 2813 1230 2883 admodum
1244 2819 1402 2893 erectam,

405 2934 484 2996 quae
510 2933 591 2981 eum
621 2912 757 2981 militari
793 2912 967 2996 disciplina
1002 2912 1199 2982 institutum
1228 2911 1402 2996 prodebat.

405 3011 558 3082 Nuntius
573 3013 769 3081 consulatus
784 3011 936 3081 Francici
950 3012 1004 3082 vir
1019 3020 1092 3081 erat
1103 3011 1269 3094 iuvenilis,
1279 3017 1403 3094 mysta-

404 3112 500 3182 cibus
514 3112 638 3180 ceratis
652 3117 687 3180 et
702 3111 854 3194 extersis,
880 3111 1095 3196 oculariaque
1121 3132 1253 3194 gerens.
1275 3111 1403 3180 Eodem

405 3218 557 3294 ternpore
572 3211 743 3281 salutabat
758 3211 881 3280 herum
897 3211 1006 3293 Pigot,
1022 3219 1057 3280 et
1080 3218 1157 3294 post
1178 3211 1309 3294 aliquot
1329 3231 1404 3280 ver·

405 3313 458 3393 ba,
474 3333 516 3381 ex
531 3311 748 3380 interioribus
763 3311 905 3381 sacculis
919 3311 1080 3394 produxit
1093 3312 1321 3382 involucrum²
1334 3311 1404 3379 offi-

404 3411 496 3482 cialis
510 3411 642 3500 formae,
661 3411 750 3481 vitta
774 3411 880 3481 rubra
906 3411 1188 3495 circumligatum,
1210 3431 1404 3494 magnoque

406 3510 514 3593 sigillo
529 3511 710 3580 munitum.

489 3610 603 3680 Herus
616 3610 717 3694 Pigot
733 3611 850 3694 paucis
864 3611 1006 3695 aspexit,
1021 3611 1151 3683 interea
1175 3611 1259 3681 dum
1282 3613 1405 3682 saluta·

512 3845 536 3896 1.
557 3841 769 3906 Mediastinus,
786 3842 819 3907 -ἰ,
836 3851 878 3897 est
899 3845 980 3898 homo
993 3844 1022 3896 in
1036 3845 1105 3898 locis
1127 3844 1278 3912 publicisad
1292 3845 1406 3899 servitia

406 3927 496 3980 omnis
508 3927 616 3992 generis
628 3927 782 3993 praestanda
794 3929 954 3981 conductus.

507 4013 533 4064 2.
549 4009 749 4074 involucrum,
776 4011 809 4075 ·i,
839 4017 881 4064 est
905 4011 949 4064 cui
973 4011 1073 4065 litterae
1098 4012 1284 4073 includuntur,
1305 4012 1405 4080 quoda

407 4095 500 4147 fronte
511 4093 631 4156 titulum,
643 4094 687 4146 vel
701 4094 902 4160 insignaculum
921 4094 1040 4160 (nomen,
1067 4096 1209 4162 locumque
1231 4096 1275 4148 cui
1299 4101 1328 4148 et
1350 4109 1406 4160 quo

407 4177 579 4244 reddantur),
593 4193 609 4231 a
621 4184 699 4245 tergo
711 4183 803 4232 autem
814 4205 847 4216 -
858 4195 1055 4247 nonnunquam
1069 4207 1100 4216 -
1113 4179 1235 4246 sigillum
1248 4179 1312 4234 ferr.
