3502 5158
437 889 458 954 2
709 901 917 954 ursmarum
938 901 1045 954 ΑΒΜ)
1067 895 1183 955 BOULE

522 1069 663 1152 “ltaque
678 1069 787 1152 prima
802 1090 881 1138 cum
896 1067 1044 1138 dimidio¹
1060 1076 1095 1137 te
1109 1067 1200 1138 domi
1215 1070 1402 1152 opperiar.”

520 1169 573 1240 Sic
588 1191 671 1253 ergo
687 1169 802 1240 evenit
817 1176 858 1238 ut
872 1175 950 1252 post
964 1169 1067 1238 unius
1081 1169 1174 1240 borae
1189 1170 1337 1253 spatium
1363 1193 1438 1240 ver·

436 1293 495 1340 sus
518 1271 713 1354 Compitum
728 1269 963 1352 Washington,
979 1271 1091 1353 paullo
1107 1292 1210 1354 supra
1225 1293 1304 1340 eum
1326 1273 1437 1341 locum

436 1372 573 1454 Plateae,
588 1371 647 1440 ubi
662 1377 809 1441 vetustae
820 1371 911 1440 aedes
921 1370 1137 1440 Vantinianae
1148 1371 1294 1452 stabant,
1307 1393 1438 1454 peram·

434 1473 598 1543 bularem.
621 1471 685 1540 Hae
698 1472 772 1541 fere
788 1471 855 1540 iam
870 1478 968 1539 erant
990 1471 1069 1540 solae
1091 1492 1169 1553 quae
1190 1493 1233 1540 ex
1253 1473 1437 1555 antiquiori

436 1595 550 1644 rerum
565 1571 682 1642 ordine
698 1593 807 1654 usque
833 1571 1089 1652 superfuerunt,
1111 1593 1191 1640 nam
1212 1572 1360 1654 impetus
1380 1595 1438 1642 ne-

435 1675 608 1757 gotiorum
624 1693 643 1742 e
658 1672 723 1741 viis
737 1671 907 1753 contiguis
927 1671 1035 1753 ipsam
1057 1671 1209 1741 Plateam
1224 1672 1291 1741 iam
1306 1673 1437 1743 dudum

435 1773 605 1855 invadere,
621 1773 873 1854 incolatumque
888 1771 1115 1840 delicatiorem
1133 1771 1222 1842 illinc
1236 1774 1382 1857 exigere,
1398 1797 1437 1845 ac

435 1895 555 1943 versus
570 1872 759 1955 superiores
772 1871 869 1940 urbis
887 1877 1002 1953 partes
1025 1871 1225 1954 compellere
1251 1874 1362 1956 coepit.
1398 1875 1436 1944 ln

434 1976 545 2044 locum
561 1973 772 2056 privatarum
788 1971 912 2040 aedium
928 1970 1050 2040 bibulis
1060 1971 1227 2054 lapidibus
1240 1973 1347 2043 fuscis
1361 1997 1438 2044 con-

434 2081 629 2152 stratorum,
645 2072 713 2140 iam
727 2072 816 2140 celsa
831 2069 1084 2140 sufficiebantur
1100 2071 1241 2141 aedificia
1250 2073 1367 2143 officiis
1380 2097 1438 2144 ne·

433 2173 603 2258 gotiisque
617 2180 715 2255 apta;
738 2193 800 2240 nec
826 2171 889 2240 nisi
916 2170 970 2239 hic
996 2177 1032 2240 et
1055 2170 1120 2240 illic
1142 2172 1266 2254 passim
1282 2194 1368 2243 rarae
1383 2197 1437 2244 su-

434 2273 660 2358 perstitabant
688 2272 837 2353 familiae,
864 2294 926 2341 ceu
954 2271 1171 2340 obfirmatum
1203 2294 1242 2342 ac
1278 2275 1437 2356 pervicax

433 2396 559 2458 agmen
584 2373 815 2452 novissimum,
832 2372 1076 2440 adventantem
1101 2370 1234 2441 hostem
1261 2374 1438 2444 minaciter

433 2483 667 2557 excepturum.

517 2591 692 2674 Philippus
707 2590 853 2659 Vantine
868 2611 959 2659 unus
973 2588 1095 2658 borum
1110 2590 1187 2659 fuit.
1221 2591 1334 2660 Natus
1347 2591 1382 2660 in
1396 2613 1437 2662 ea

433 2691 534 2761 domo
549 2699 603 2760 est
618 2712 722 2772 quam
738 2689 838 2759 modo
860 2688 1035 2770 incolebat,
1058 2690 1093 2758 in
1115 2711 1182 2772 qua
1198 2711 1233 2759 se
1248 2698 1284 2760 et
1299 2691 1436 2760 moritu-

433 2813 511 2860 rum
526 2791 647 2862 aiebat.
681 2791 752 2859 Nec
766 2790 927 2872 cuiquam
949 2790 1013 2859 hac
1038 2789 1073 2858 in
1099 2812 1135 2859 re
1149 2797 1191 2858 ut
1204 2791 1353 2872 placeret
1367 2799 1437 2860 stu·

433 2893 583 2962 dendum
599 2891 629 2960 ei
645 2897 730 2972 erat,
744 2891 808 2959 nisi
823 2890 894 2972 sibi,
911 2890 1002 2973 quod
1023 2891 1148 2960 coelebs
1173 2892 1264 2960 solus
1287 2891 1436 2974 vivebat,

432 2999 536 3075 atque
566 2999 806 3074 augescentem
839 2991 1019 3073 strepitum
1050 2991 1274 3074 pulveresque
1304 2991 1437 3061 viciniae

432 3091 604 3162 diuturnis
613 3090 941 3174 peregrinationibus
949 3090 1077 3160 solebat
1085 3112 1311 3173 compensare.
1324 3091 1436 3161 Etiam

432 3194 534 3263 modo
547 3192 680 3275 peregri
695 3191 835 3262 domum
850 3192 954 3261 venit.

516 3293 618 3362 Haud
631 3292 692 3362 abs
703 3313 740 3361 re
751 3292 816 3362 erit
830 3292 884 3361 hic
894 3314 962 3361 uno
974 3291 1087 3361 labore
1102 3291 1224 3361 indolis
1233 3293 1307 3361 eius
1318 3293 1437 3362 adum-

432 3393 621 3464 brationem
636 3393 820 3462 absolvere.
843 3391 990 3462 Vantine
1004 3398 1107 3462 aetate
1121 3391 1253 3461 circiter
1266 3392 1433 3476 quinqua·

431 3493 594 3578 genarius
608 3500 692 3574 erat,
709 3514 746 3561 re
760 3492 918 3560 familiari
932 3491 1118 3573 commoda,
1133 3491 1259 3561 artium
1274 3491 1436 3575 quodam·

431 3593 532 3662 modo
545 3593 679 3674 callens,
694 3593 752 3676 qui
768 3592 944 3675 antiquam
960 3592 1200 3674 supellectilem
1215 3591 1434 3662 domesticam

431 3693 630 3776 conquirere
645 3700 681 3762 et
696 3713 848 3762 coemere
869 3691 1006 3774 solebat,
1026 3691 1199 3774 aliquanto
1214 3691 1380 3762 erraticus
1394 3729 1435 3736 —

431 3815 640 3878 quamquam
664 3799 741 3876 post
762 3792 971 3874 descriptum
992 3791 1197 3861 vocabulum
1221 3791 1433 3876 distinguen-

431 3893 514 3964 dum
535 3915 665 3975 censeo,
692 3901 727 3962 et
753 3914 823 3962 uno
848 3899 984 3962 tantum
1007 3913 1108 3962 sensu
1134 3912 1214 3962 eum
1244 3893 1290 3962 sic
1320 3893 1435 3963 vocari
1474 3984 1478 3993 Ι

430 4015 538 4077 posse,
555 4015 688 4075 nempe,
704 3993 794 4076 quod
805 3994 929 4076 spretis
940 3991 1057 4062 multis
1067 3991 1295 4074 irritamentis,
1310 3993 1436 4064 coelebs

533 4197 555 4246 1.
573 4192 678 4246 Priora
690 4207 758 4244 oum
772 4191 905 4254 dimidio,
922 4191 1035 4246 subaudi
1051 4189 1133 4244 bora.
