3554 5156
732 898 913 954 marrona
932 896 1076 954 varana
1346 879 1409 950 149

487 1066 734 1138 “Existimasne
746 1088 802 1137 me
817 1067 852 1136 in
866 1065 1031 1137 eiusmodi
1053 1087 1089 1135 re
1115 1063 1233 1134 fallil”
1260 1063 1413 1134 obtesta.

405 1175 529 1252 turea,
544 1166 648 1238 “mihi
663 1168 763 1239 crede
778 1167 866 1237 banc
881 1188 995 1236 arcam
1011 1165 1184 1249 quondam
1199 1186 1312 1234 meam
1325 1165 1410 1234 fuis·

403 1289 449 1339 se.
466 1263 753 1352 Indulgebisne?”
775 1266 965 1350 subiungit,
981 1287 1120 1350 unoque
1134 1285 1255 1348 gressu
1271 1265 1411 1348 propius

405 1369 448 1439 ad
462 1390 539 1439 eam
553 1369 703 1440 accessit.

485 1485 675 1570 “Exspecta
688 1507 882 1570 parumper,
896 1508 973 1556 mea
988 1485 1111 1566 Hera‚”
1126 1484 1305 1568 interpello
1319 1504 1409 1562 eam,

403 1585 620 1671 “Antequam
645 1609 759 1657 arcam
787 1593 978 1658 contrectes
1001 1585 1166 1654 monitam
1181 1593 1216 1654 te
1231 1606 1305 1654 esse
1330 1585 1410 1653 volo

404 1687 586 1771 perniciem
601 1695 637 1757 te
653 1687 714 1757 tibi
727 1687 994 1758 invocaturam.'’

486 1785 704 1870 “Pemieiem,
719 1787 769 1857 ais
783 1787 865 1858 tu?''
881 1808 1005 1870 meque
1017 1793 1158 1870 stupens
1168 1785 1409 1868 contuebatur,

486 1886 704 1957 “Extremam
719 1887 911 1971 perniciem,
927 1887 1049 1957 utiam
1075 1887 1157 1956 hero
1181 1885 1405 1956 Hornblower

403 1988 558 2072 explicui.
580 1987 825 2058 Causisfretus
840 1987 1085 2058 sufficientibus
1099 1987 1200 2057 credo
1223 1986 1292 2055 iam
1317 1985 1404 2054 duos

402 2088 495 2158 viros
508 2094 676 2157 temerare
691 2089 863 2158 occultum
877 2087 972 2156 illum
987 2086 1140 2156 forulum
1165 2087 1331 2156 audentes
1357 2086 1408 2155 fa·

406 2193 502 2257 ctum
516 2188 589 2257 vita
603 2188 738 2258 luisse.'’

487 2285 553 2357 “Ni
568 2288 669 2358 fallor
683 2288 788 2358 herus
803 2287 1026 2357 Hornblower
1040 2287 1166 2371 aliquid
1180 2288 1256 2355 eius
1268 2285 1404 2368 generis

400 2387 484 2457 mihi
500 2387 733 2470 memoravit,”
749 2409 865 2457 secum
874 2387 1050 2469 mutiebat;
1061 2386 1118 2456 “at
1133 2387 1206 2456 haec
1217 2386 1331 2455 omnia
1340 2385 1407 2454 uti-

401 2509 469 2571 que
485 2509 617 2558 errores
631 2489 743 2558 sunt.”

484 2587 669 2659 “Forulum
684 2610 766 2672 crgo
797 2588 930 2658 nullum
955 2609 1129 2657 venenum
1155 2585 1319 2655 tuetur?'’
1342 2585 1403 2654 sci-

402 2689 514 2759 scitor.

483 2788 684 2860 “Venenum
693 2788 731 2860 ?''
746 2789 870 2872 repetit
885 2788 958 2872 ips'a
973 2809 1094 2871 prosus
1108 2787 1238 2871 ignara,
1255 2786 1402 2856 mucinio

398 2889 443 2959 ad
458 2889 546 2959 labia
560 2889 683 2960 levato.
707 2887 806 2958 “Non
822 2889 948 2971 capio.''

482 3007 555 3077 Iam
570 3006 757 3076 sentiebam
773 3007 939 3076 theoriam
963 3027 1075 3075 meam
1101 3004 1260 3074 funditus
1285 3003 1404 3073 collabi

399 3113 435 3177 et
449 3106 611 3177 radicitus
626 3106 743 3177 everti.
765 3106 918 3190 Godfrey
931 3106 1058 3177 intueri
1073 3127 1177 3174 ausus
1191 3127 1259 3173 non
1274 3125 1361 3173 sum.

494 3221 593 3293 “Non
619 3246 701 3308 ergo
726 3224 991 3294 mechanismate
1017 3221 1152 3292 forulus
1175 3220 1308 3301 nititur,
1334 3243 1403 3289 me-

397 3323 618 3406 chanismate,
633 3324 725 3408 quod
740 3346 849 3408 quum
864 3324 998 3393 forulus
1012 3323 1168 3393 evellitur
1183 3322 1269 3391 duos
1284 3321 1404 3390 dentes

397 3430 585 3494 venenatos
600 3424 635 3493 in
650 3446 773 3495 manus
787 3423 971 3508 aperientis
985 3422 1214 3493 eiaculetur?'’

483 3541 607 3611 “Nullo
622 3541 733 3625 modo,
754 3540 845 3611 Here
869 3541 1019 3623 Lester,’'
1036 3541 1110 3624 ipsa
1135 3538 1308 3622 respondit
1333 3545 1404 3608 stu-

397 3663 490 3727 pens.
517 3641 622 3711 “Mihi
644 3641 744 3712 crede
770 3641 1000 3711 mechanisma
1024 3640 1169 3723 idgenus
1192 3638 1247 3708 hic
1267 3638 1401 3707 nullum

396 3742 500 3812 esse.'’

479 3859 552 3929 lam
567 3867 603 3931 et
617 3859 774 3930 ultimam
788 3859 907 3928 salutis
922 3856 1084 3940 tabulam,
1105 3864 1142 3926 et
1164 3855 1251 3926 hanc
1277 3855 1399 3924 exilem

399 3960 618 4044 apprehendi.

479 4075 731 4148 “Machanisrna
744 4075 914 4160 interponi
928 4081 1064 4160 poterat
1079 4095 1122 4143 ex
1133 4095 1202 4157 quo
1216 4094 1259 4142 ex
1269 4079 1331 4142 tua
1344 4093 1400 4141 ex·

393 4177 495 4249 cessit
508 4179 709 4262 potestate‚”
725 4176 891 4261 suggessi.
