3554 5156
408 853 470 926 152
672 871 882 928 ursrumuu
904 871 1015 926 nucu
1036 865 1157 926 uouuu

496 1037 650 1110 Liberius
674 1062 766 1112 nunc
790 1039 858 1110 iam
883 1039 989 1110 verba
1017 1039 1175 1124 faciebat,
1198 1046 1238 1110 ut
1266 1038 1416 1110 videtur'

409 1160 535 1222 magno
557 1160 660 1210 onere
685 1141 800 1210 levata
825 1177 865 1186 -
890 1163 953 1210 nec
969 1141 1123 1224 profecto
1137 1139 1219 1210 mihi
1235 1139 1413 1210 constabat

413 1261 517 1323 quam
532 1239 676 1322 magnol

499 1354 633 1426 “Herus
647 1357 795 1428 Vantine
810 1357 882 1441 ipse
896 1357 987 1428 haud
1012 1358 1126 1429 minus
1148 1357 1416 1442 suspicabatur,”

411 1457 562 1541 inquam.
584 1456 681 1541 “lpse
696 1457 732 1526 in
747 1479 784 1528 re
798 1458 996 1541 supellectili
1011 1480 1177 1542 perquam
1202 1465 1276 1529 erat
1302 1479 1416 1528 versa·

411 1565 477 1639 tus,
493 1556 632 1640 fuitque
654 1557 780 1640 aliquid
802 1557 926 1627 insoliti
949 1558 1038 1628 circa
1060 1559 1147 1628 hanc
1173 1581 1297 1641 arcam,
1323 1559 1415 1642 quod

412 1677 488 1728 eam
503 1656 595 1726 herae
610 1657 812 1740 Montespan
828 1659 1000 1740 quondam
1015 1659 1121 1728 fuisse
1141 1659 1322 1742 propriam,
1336 1681 1414 1729 sua-

411 1756 492 1827 dere
516 1757 705 1827 videbatur.
742 1758 830 1827 Huic
855 1758 1019 1828 rimandae
1041 1766 1115 1830 erat
1134 1759 1289 1830 intentus
1302 1779 1410 1844 quum

412 1878 504 1927 mors
518 1879 599 1926 eum
613 1858 820 1940 supervenit.
837 1858 926 1941 Quid
940 1859 996 1928 ille
1011 1858 1097 1928 alius
1112 1866 1188 1928 tum
1208 1860 1339 1942 iecerit,
1353 1881 1412 1930 ue-

415 1957 550 2040 scimus,
575 1958 634 2027 sed
664 1958 692 2027 si
722 1957 892 2028 declarare
918 1981 1099 2041 possumus
1124 1960 1201 2042 quis
1222 1960 1276 2030 ille
1300 1959 1408 2030 fuerit

413 2058 561 2127 multum
575 2057 737 2128 iuvabit.’'

495 2156 673 2227 “Necdum
687 2157 918 2228 declaravistis
927 2159 963 2230 ?”

496 2255 550 2326 “N
551 2257 608 2327 ihil
625 2257 811 2342 quidquam
822 2258 864 2328 de
880 2281 920 2328 eo
935 2259 1072 2342 scimus,
1084 2268 1314 2344 praeterquam
1325 2259 1416 2344 quod

417 2355 569 2428 Francus
583 2357 663 2440 fuit,
678 2365 740 2426 aut
755 2359 802 2427 sic
817 2358 913 2428 nobis
928 2359 1041 2429 visum
1056 2367 1118 2442 est,
1134 2367 1169 2429 et
1184 2359 1275 2442 quod
1291 2383 1351 2444 per
1366 2363 1420 2430 Lo

419 2459 595 2526 Touroine
610 2457 712 2527 biduo
727 2465 808 2527 ante
824 2458 890 2528 huc
905 2460 1092 2542 pervenit.”

501 2573 650 2644 “Eadem
665 2574 738 2658 ipsa
751 2575 820 2644 fuit
835 2575 933 2645 navis
948 2597 1016 2658 qua
1031 2597 1095 2660 ego
1110 2584 1211 2647 vecta
1225 2577 1333 2647 sum.'’

506 2673 610 2744 “Mihi
625 2674 765 2758 proinde
780 2675 815 2744 in
830 2684 980 2746 mentem
995 2678 1090 2746 venit
1108 2685 1143 2746 te
1168 2678 1324 2759 fortasse,
1345 2697 1422 2747 mea

415 2775 517 2858 Hera,
532 2798 613 2846 eum
628 2775 704 2844 visu
719 2775 852 2844 novisse
868 2812 907 2820 -
923 2783 985 2846 aut
999 2776 1107 2846 fuisse
1122 2777 1184 2847 tibi
1199 2776 1420 2860 alioquodam

414 2875 514 2946 modo
529 2875 688 2945 notum.”

498 2990 608 3076 “Quid
623 2991 656 3061 ei
669 3013 793 3062 nomen
807 2992 920 3062 fuit?”

500 3109 660 3193 “Pagella
687 3131 791 3194 quam
815 3110 886 3194 ipse
917 3110 998 3180 hero
1027 3110 1175 3180 Vantine
1205 3110 1408 3181 submiserat

420 3232 544 3280 nomen
560 3210 737 3294 Theophili
751 3210 922 3280 d'Aurclle
937 3210 1101 3281 ferebat.”

505 3310 623 3393 Capite
638 3310 768 3380 abnuit.

505 3410 661 3480 “Nomen
676 3411 750 3494 hoc,
765 3411 811 3479 mi
827 3409 916 3480 Here
933 3411 1062 3493 Lester,
1076 3433 1252 3495 nunquam
1277 3411 1422 3482 antehac

420 3510 566 3582 audivi.”

503 3627 658 3698 “Nomen
673 3635 708 3698 et
723 3650 785 3697 nos
801 3635 998 3698 mutuatum
1023 3629 1257 3711 credidimus‚”
1284 3651 1421 3712 respon-

422 3729 465 3812 di,
482 3729 541 3799 sed
556 3730 702 3798 fortasse
717 3727 804 3798 hanc
819 3729 965 3811 effigiem
980 3730 1173 3812 agnosces,”
1199 3729 1325 3812 quibus
1348 3752 1424 3799 ver·

422 3829 475 3900 bis
490 3829 636 3912 effigiem
651 3851 671 3898 e
686 3830 819 3898 sacculo
839 3828 1038 3912 productam
1053 3829 1098 3898 illi
1114 3829 1257 3912 porrexi.

506 3945 579 4014 Hac
593 3952 742 4028 accepta,
757 3945 949 4014 accuratius
964 3967 1038 4014 eam
1054 3945 1194 4029 aspexit,
1216 3946 1275 4015 sed
1298 3947 1425 4016 iterum

422 4053 527 4129 caput
542 4045 728 4128 quatiebat.
753 4045 844 4114 Tum
858 4044 902 4113 ad
923 4045 1012 4113 latus
1037 4065 1201 4114 conversa
1223 4045 1360 4129 ricaque
1381 4047 1425 4114 le

421 4152 514 4229 vata,
529 4145 677 4214 uberiori
692 4146 766 4214 luce
782 4143 1003 4224 inspectabat.
