3502 5158
655 873 769 926 amun
791 841 987 928 amomum
1278 864 1318 932 1³
1342 841 1345 846 Δ

405 1038 550 1122 “Ecquis
564 1042 629 1110 iste
640 1049 692 1111 est
701 1042 738 1110 ?”
750 1042 875 1125 quaerit
889 1042 994 1111 herus
1004 1041 1158 1112 acriter.“
1173 1044 1222 1114 Ut
1237 1044 1319 1128 quid

320 1140 567 1210 mmm?

404 1239 512 1309 “Hem
527 1276 567 1284 —
583 1240 694 1323 hem,''
710 1263 801 1324 aegre
816 1242 964 1312 balbutit
977 1242 1095 1326 Parks,
1108 1243 1182 1313 “ille
1192 1244 1256 1316 iste
1267 1253 1320 1316 est

319 1341 377 1424 qui
391 1340 446 1409 hic
464 1347 498 1409 et
513 1342 783 1424 praestolabatur,
798 1342 844 1410 mi
860 1341 981 1411 Here.'’

401 1456 525 1526 “Aisne
540 1465 581 1526 tu
596 1479 674 1526 eum
690 1457 753 1528 hac
778 1459 813 1526 in
839 1459 939 1528 domo
954 1480 1080 1529 caesum
1095 1461 1201 1531 fuisse
1209 1461 1245 1531 ?'’
1269 1463 1319 1532 in-

319 1565 388 1628 stat
401 1557 558 1626 Vantine.

401 1672 521 1743 “Certe
536 1673 607 1757 ipse
635 1675 737 1743 vivus
749 1673 902 1756 intravit,
918 1674 1009 1746 Here
1035 1675 1112 1758 mi,”
1139 1679 1320 1762 respondet

318 1773 424 1843 Parks
439 1773 548 1856 magis
561 1773 692 1843 interea
707 1774 798 1843 adse
814 1797 981 1844 reversus.
994 1773 1103 1845 “Fieri
1115 1785 1228 1860 potest
1238 1801 1318 1849 eum

317 1873 399 1943 nibil
425 1872 489 1943 nisi
511 1873 665 1956 quietum
680 1873 877 1957 quaesivisse
902 1875 1014 1944 locum
1027 1875 1086 1945 ubi
1103 1897 1138 1946 se
1153 1879 1318 1960 perimere

317 1980 439 2057 posset.
461 1973 584 2041 Animo
600 1973 814 2056 aliquantum
831 1974 961 2044 excitus
976 1974 1076 2044 fuit?

400 2089 508 2159 “Sane
523 2090 709 2173 profect0‚”
723 2090 845 2173 probat
860 2090 1008 2160 Vantine
1023 2112 1102 2161 cum
1117 2094 1260 2176 suspirio
1275 2117 1319 2166 ex

327 2189 558 2271 allevatione,''
572 2190 663 2258 iusta
677 2189 816 2260 videtur
828 2191 1015 2274 explicatio.
1041 2190 1171 2261 Tamen
1185 2194 1318 2264 utinam

316 2291 421 2360 alium
435 2291 547 2359 locum
561 2289 625 2359 sibi
640 2289 805 2372 elegisset
843 2289 1017 2372 Existimo,
1040 2291 1087 2360 mi
1111 2291 1240 2376 Lester,
1255 2315 1318 2364 nos

316 2389 488 2460 decuriam
503 2389 679 2459 lictoriam1
694 2391 862 2472 appellare
878 2391 1065 2473 oportere.”

400 2503 474 2577 “Sic
489 2513 525 2575 et
538 2527 603 2588 ego
618 2505 734 2588 puto‚”
748 2505 898 2589 inquam,
911 2504 1029 2589 “aeque
1040 2529 1079 2576 ac
1090 2511 1316 2580 mortuarium

316 2605 558 2689 inquisitorem.
574 2605 688 2676 Satius
701 2605 847 2675 fortasse
858 2607 923 2675 erit
934 2613 975 2676 ut
989 2607 1062 2676 haec
1073 2629 1177 2690 penes
1191 2631 1246 2679 me
1257 2611 1317 2680 lin·

317 2727 411 2788 quas.
427 2705 594 2775 Conclave
608 2705 671 2774 hoc
686 2704 927 2788 obserabimus‚
942 2727 1004 2776 nec
1020 2707 1120 2777 domo
1135 2709 1316 2792 quisquam

317 2826 425 2888 usque
440 2826 480 2874 eo
496 2805 579 2874 dum
594 2805 727 2875 lictores
742 2805 926 2874 adveniant
942 2806 1113 2876 excedet.”

399 2919 558 2990 “Dictum
573 2921 692 3004 bene,”
716 2922 865 2992 multum
881 2921 1080 2993 sublevatus
1095 2923 1143 2994 ait
1158 2923 1315 2995 Vantine.

316 3021 432 3091 “Dabo
459 3022 618 3104 operam”
645 3021 693 3091 ait
709 3021 775 3091 cito
791 3021 976 3104 discedens
992 3023 1074 3091 dum
1090 3045 1155 3106 ego
1169 3023 1212 3094 ad
1237 3026 1316 3094 tele-

316 3121 468 3204 phonum
493 3121 626 3204 accessi,
652 3122 861 3205 evocavique
885 3121 1058 3191 decuriam
1081 3123 1256 3208 lictoriam,
1281 3133 1316 3194 et

278 3297 280 3300 ,
316 3221 397 3304 quid
413 3220 596 3304 accidisset,
611 3221 740 3292 edocui.

398 3331 539 3407 Minutis
564 3338 691 3407 vicenis
712 3345 789 3422 post
812 3338 1079 3408 tintinnabulum
1102 3339 1180 3408 ostii
1204 3363 1316 3422 perso

314 3437 400 3508 nuit.
436 3437 544 3506 Parks
558 3437 682 3507 ostium
698 3439 843 3521 aperuit,
869 3445 905 3508 et
928 3445 1077 3521 quatuor
1100 3440 1192 3510 viros
1214 3440 1316 3510 intro

315 3537 415 3606 misit.

398 3651 523 3735 “Heus,
538 3676 655 3724 eccum
669 3661 716 3735 te,
742 3654 789 3723 mi
814 3653 1036 3738 Simmonds,”
1061 3655 1211 3739 inquam,
1235 3678 1315 3726 eum

314 3753 443 3824 affatus
463 3754 520 3836 qui
536 3753 666 3837 primus
687 3753 860 3837 ingressus
873 3763 935 3837 est,
950 3761 1071 3838 utpote
1092 3778 1197 3838 quem
1219 3758 1315 3826 velut

417 3991 440 4041 1.
460 3986 593 4040 Decuria
610 3995 651 4041 est
665 3989 741 4042 locus
754 3995 782 4042 et
794 3989 911 4050 officina,
929 3989 976 4041 ubi
988 3987 1117 4050 decuria,
1143 3989 1202 4041 sive
1220 3990 1316 4055 profe-

314 4079 374 4126 ctus
382 4073 519 4134 lictorum,
534 4073 675 4138 negotium
690 4073 845 4126 securitatis
858 4072 960 4126 civium
972 4072 1156 4125 administrat.
1180 4071 1314 4124 [fictores

313 4163 378 4210 sunt
396 4157 469 4210 servi
482 4156 594 4222 publici,
606 4157 732 4209 custodes
743 4157 818 4222 pacis
829 4156 954 4223 publice.
