3500 5158
585 821 781 877 crocinum
800 822 880 877 nm
898 820 1124 876 nrvuucmnrs
1290 804 1353 876 239

438 988 627 1074 “Equidem
641 1012 776 1061 merum
790 988 959 1061 novitium
974 989 1067 1059 haud
1082 995 1118 1059 te
1133 987 1355 1070 censuerim,”

356 1091 468 1160 refero
483 1089 624 1160 aridule.

439 1188 576 1273 “Longe
591 1189 690 1259 aliter
705 1188 849 1260 Grandis
864 1189 1038 1272 Ignotus?
1053 1187 1180 1272 regerit
1194 1186 1355 1270 Godirey,

354 1288 505 1372 mrlrique
520 1289 687 1360 valedicit.
710 1290 945 1372 Praeterquarn
960 1288 1051 1372 quod
1072 1310 1152 1358 eum
1167 1309 1260 1357 nunc
1274 1308 1355 1356 casu

314 1383 318 1392 '
354 1410 590 1471 conveneram,
605 1389 688 1459 alias
702 1411 880 1472 nunquam
895 1388 940 1458 illi
956 1389 1096 1470 occurri,
1123 1394 1158 1458 et
1178 1388 1242 1458 hoc
1261 1386 1356 1457 haud

354 1489 495 1572 profuit,
512 1489 672 1572 quoniam
688 1490 862 1572 complura
875 1488 964 1559 circa
989 1488 1053 1558 hoc
1077 1488 1255 1571 negotium
1280 1509 1356 1557 nec·

355 1588 438 1658 dum
453 1589 611 1658 intellexi.
629 1589 784 1669 Quadam
799 1589 952 1671 profecto
966 1609 1119 1671 vespera,
1135 1608 1242 1670 quum
1256 1587 1356 1656 furna

354 1690 431 1758 mea
445 1692 585 1758 accensa
600 1688 673 1758 haec
688 1687 801 1757 omnia
815 1709 950 1758 mecum
973 1688 1008 1758 in
1034 1687 1147 1757 animo
1172 1692 1356 1770 pertracta-

353 1794 455 1858 turus
468 1789 696 1870 consederam,
721 1787 805 1857 nihil
831 1787 968 1858 omnino
993 1809 1012 1858 e
1038 1785 1171 1856 cunctis
1184 1787 1238 1856 his
1253 1786 1356 1856 rebus

353 1909 409 1957 me
423 1887 611 1971 intelligere
627 1887 746 1971 reperi.
773 1885 949 1958 Sententia
974 1887 1112 1970 quidem
1139 1885 1290 1968 Godfrey
1311 1886 1355 1955 ad

353 1987 515 2057 amussim
530 1985 593 2056 sibi
608 1985 821 2069 consistebat,
846 1985 905 2056 sed
931 1985 974 2056 ad
999 1986 1133 2056 nullum
1148 1985 1279 2056 exitum
1293 1985 1355 2055 du·

352 2086 460 2156 rebat.
481 2087 598 2169 Ecquo
613 2087 752 2156 demum
766 2086 866 2155 modo
881 2092 963 2155 sunt
978 2085 1109 2155 Drouet
1134 2092 1239 2168 atque
1264 2085 1355 2155 Van·

353 2187 425 2255 tine
441 2184 566 2256 occisi?
577 2186 648 2256 Cur
661 2186 807 2256 fuerunt
821 2185 944 2255 occisi?
956 2185 1055 2266 Quod
1070 2185 1139 2255 fuit
1154 2183 1355 2265 mysterium

352 2285 466 2355 arcae?
488 2286 565 2356 Uno
579 2285 695 2367 verbo,
710 2284 792 2368 quid
808 2291 920 2354 totum
945 2285 1038 2355 istud
1063 2285 1265 2367 mysterium
1291 2283 1353 2354 sibi

314 2435 317 2438 -
351 2384 513 2455 volebat?
523 2385 635 2456 Nullis
650 2385 703 2454 bis
718 2384 964 2468 quaestionibus
979 2384 1181 2468 respondere
1197 2383 1354 2466 quibam;

352 2507 513 2569 responsa
528 2506 610 2556 vero
625 2506 704 2570 quae
719 2485 917 2568 ellingerum
939 2484 1011 2568 ipsa
1026 2484 1110 2554 adeo
1126 2491 1223 2554 erant
1237 2483 1355 2553 absur-

351 2586 396 2656 da
411 2592 446 2656 et
461 2586 564 2668 nulla,
580 2593 622 2655 ut
651 2607 730 2655 cum
755 2584 857 2655 taedio
882 2607 923 2655 ee
949 2606 1152 2667 respuerem.
1179 2584 1354 2654 Postremo

351 2685 454 2755 etiam
469 2685 579 2769 reperi
594 2685 695 2756 istam
711 2707 782 2755 rem
797 2685 878 2768 ipsis
902 2684 987 2754 meis
1012 2684 1184 2754 laboribus
1209 2683 1352 2768 officere,

350 2784 448 2869 proin
463 2808 506 2856 ex
520 2785 634 2856 animo
648 2807 724 2855 meo
740 2807 815 2855 eam
841 2784 922 2868 elisi,
939 2791 974 2854 et
988 2785 1122 2869 quoties
1136 2782 1219 2852 milri
1234 2784 1268 2853 in
1283 2784 1353 2853 ani·

349 2908 446 2955 mum
460 2885 609 2969 irrepere
624 2885 789 2967 tentabat,
814 2883 914 2954 firma
938 2885 1115 2954 voluntate
1131 2905 1206 2954 eam
1221 2885 1353 2954 excussi

353 2992 390 3056 et
405 2985 523 3069 repuli.

434 3086 564 3157 Verum
579 3085 668 3155 enim
683 3106 775 3167 vero,
791 3105 1001 3168 quamquam
1026 3083 1108 3167 vigil
1134 3106 1210 3154 earn
1235 3105 1350 3154 arcere

349 3185 431 3255 satis
451 3184 625 3255 commode
654 3191 817 3268 poteram,
847 3184 938 3254 idern
967 3203 1029 3267 per
1058 3183 1208 3268 quietem
1237 3184 1352 3254 facere

348 3283 500 3368 nequivi,
515 3286 607 3355 unde
622 3284 752 3354 somnia
766 3284 890 3354 sensim
905 3283 1073 3354 deteriora
1086 3282 1224 3354 fiebant.
1244 3284 1278 3353 N
1280 3305 1349 3354 am·

348 3407 415 3468 que
429 3407 499 3454 non
514 3384 632 3456 deerat
645 3383 783 3456 coluber
797 3384 880 3454 mihi
895 3383 1088 3466 somnianti,
1112 3383 1172 3467 qui
1187 3382 1348 3454 dentibus

346 3620 440 3673 tabula
454 3620 555 3687 lignea,
567 3619 671 3673 duobus
684 3618 820 3672 coloribus
832 3617 862 3672 in
876 3633 962 3684 parva
972 3619 1106 3686 quadrata
1130 3617 1270 3678 distincta,
1297 3617 1350 3671 duo

346 3702 451 3756 lusores
464 3703 566 3769 figurae
578 3703 688 3768 reginae,
700 3701 793 3762 turris,
806 3701 1022 3755 latrunculorum
1034 3717 1133 3762 osseas,
1147 3699 1280 3753 eburneas
1301 3705 1350 3753 aut

346 3785 455 3852 ligneas
467 3786 496 3838 in
508 3803 557 3838 suo
570 3787 684 3852 quisque
710 3785 847 3838 scutulato
870 3786 1019 3838 secuudum
1044 3784 1154 3850 regulas
1177 3797 1350 3850 prorsum-re-

346 3873 517 3936 trorsumque
528 3875 625 3930 motat,
639 3868 725 3921 donec
736 3867 807 3920 alter
815 3868 844 3921 iu
852 3867 993 3934 angulum,
1004 3868 1063 3921 sive
1072 3867 1101 3919 in
1110 3865 1221 3920 incitus
1233 3872 1346 3932 agotum

344 3951 371 4005 is
382 3951 483 4004 dlcitur
492 3951 527 4004 iu
539 3950 651 4004 incitus
663 3949 812 4004 reduetus.
834 3951 905 4003 llinc
918 3951 1015 4016 lingua
1028 3950 1161 4016 negotiali
1174 3949 1222 4017 qui
1235 3947 1346 4001 solven-

346 4033 382 4088 do
393 4049 453 4088 uon
465 4039 518 4099 est,
534 4035 590 4090 ie.
618 4035 665 4102 qui
678 4051 727 4088 sua
739 4033 831 4088 debita
852 4033 940 4101 impar
961 4038 1004 4088 est
1028 4033 1167 4095 solvendo,
1190 4031 1302 4100 perinde
1314 4031 1349 4086 in

345 4117 455 4176 tocius
468 4119 569 4175 dicitur
581 4119 709 4175 reductus
719 4133 787 4173 esse.
