3536 5156
565 903 743 960 munerun
765 904 898 960 vunnu
918 904 1044 960 1euor1
1243 889 1306 961 157

387 1070 528 1144 “Praebe
548 1072 594 1143 sis
615 1073 722 1143 Parks
741 1072 824 1142 mihi
845 1095 982 1157 quoque
1003 1074 1199 1157 olfactum?
1221 1095 1305 1158 rogo

305 1195 385 1243 eum
401 1173 488 1244 male
501 1173 631 1256 firmus,
645 1180 681 1243 et
694 1173 782 1243 oculi
796 1174 863 1244 mei
877 1173 1057 1244 confestim
1064 1174 1221 1257 lacrymis
1234 1197 1305 1244 ma·

305 1294 388 1343 nare
408 1279 597 1356 coeperunt,
618 1273 678 1342 sed
698 1295 742 1342 ne
763 1272 798 1342 in
819 1274 973 1344 furorem
995 1295 1140 1357 raperer,
1163 1274 1302 1345 evitavi.

304 1371 512 1457 “Exporrige
528 1372 573 1442 sis
586 1379 796 1456 prostratum
812 1373 951 1457 noges,
965 1381 1006 1444 ut
1021 1373 1191 1444 distentus
1215 1373 1300 1444 iace-

306 1473 388 1557 ret,”
402 1473 562 1543 mandavi
578 1472 685 1542 Parks
699 1472 855 1555 halitans
871 1481 906 1543 et
920 1473 991 1556 ipse
1016 1473 1246 1558 vertiginosus
1270 1474 1305 1543 in

304 1573 413 1644 solum
428 1573 551 1644 desedi.
573 1572 732 1656 Aspicere
747 1580 863 1643 tamen
878 1573 1100 1644 Homblower
1113 1594 1219 1644 ausus
1234 1595 1303 1644 non

306 1694 392 1756 sum,
407 1673 568 1744 timebam
583 1673 673 1743 enim
687 1695 731 1742 ne
742 1680 938 1756 stupentem
950 1696 1031 1744 eum
1041 1674 1170 1757 videns,
1181 1673 1307 1744 iterum

307 1773 342 1841 in
357 1773 559 1843 cachirmum
573 1773 765 1843 morbidum
780 1774 938 1844 solverer.

389 1873 546 1944 Matrona
561 1872 697 1944 interim
711 1894 838 1956 aquam
853 1873 888 1942 in
903 1875 1041 1944 vultum
1063 1874 1157 1945 Iuliae
1179 1875 1309 1958 insper-

229 1980 234 1990 '
307 1974 351 2044 sit
367 2009 406 2019 -
421 1995 490 2043 non
504 1995 625 2056 parum
640 1972 843 2043 detrimento
857 1973 956 2044 faciei
971 1973 1044 2044 eius
1054 1973 1308 2057 !-pauxillum

307 2073 532 2157 exspectabat,
546 2080 624 2143 tum
637 2095 673 2142 se
687 2073 806 2156 erexit,
820 2075 1003 2156 velumque
1018 2074 1161 2144 demisit.

394 2171 495 2244 “Mox
515 2173 559 2243 ad
580 2195 617 2244 se
639 2171 792 2256 redibit‚''
814 2173 935 2257 inquit,
957 2196 997 2243 ac
1019 2175 1183 2258 profecto,
1199 2195 1309 2257 pauca
1436 2201 1442 2212 ·

308 2275 398 2345 intra
412 2281 584 2345 momenta
599 2274 711 2358 puella
724 2275 839 2344 oeulos
852 2274 997 2358 aperuit,
1021 2282 1057 2345 et
1082 2282 1224 2358 stupens
1248 2273 1311 2344 cir·

294 2366 508 2458 cumspexit.
530 2373 616 2444 Dein
631 2381 759 2444 tremor
774 2373 945 2445 violentus
959 2397 1034 2446 eam
1048 2373 1189 2445 obsedit.

394 2473 585 2559 “Quidnam
600 2473 649 2543 rei
663 2481 725 2555 est,
740 2473 826 2544 lulia
839 2475 876 2545 ?''
892 2474 975 2545 hera
988 2475 1188 2559 sciscitatur,
1203 2496 1308 2544 manu

314 2574 388 2645 eius
402 2573 576 2658 prehensa
599 2572 718 2644 “Tune
733 2595 813 2644 eum
827 2574 941 2645 virum
954 2575 1106 2645 novisti?

395 2675 532 2744 Raucus
545 2673 716 2757 singultus
729 2675 839 2744 solum
854 2681 928 2745 erat
943 2696 1151 2758 responsum.

395 2771 501 2844 “Rem
512 2773 595 2843 mihi
608 2774 762 2844 narrabis
774 2773 803 2844 !''
818 2775 930 2858 pergit
943 2775 1027 2846 hera
1040 2797 1123 2846 voce
1150 2775 1313 2859 tranquil·

313 2875 355 2956 la,
364 2873 422 2944 sed
433 2873 540 2944 firma
557 2871 679 2944 “Forte
694 2875 803 2944 scelus
817 2875 987 2959 quoddam
1002 2882 1054 2946 est
1068 2882 1312 2959 perpetratum.

320 2975 452 3045 Cuncta
472 2975 613 3044 fatearis
633 2981 776 3057 oportet.
798 2975 994 3046 Prudentiae
1014 2976 1138 3045 horum
1158 2976 1313 3046 virorum

313 3095 433 3144 secura
447 3082 482 3145 te
497 3074 653 3144 confides.
665 3074 844 3145 Novistine
859 3075 964 3146 istum
978 3076 1093 3146 virum
1107 3077 1143 3147 i”

396 3175 513 3245 Puella
527 3174 646 3258 capitis
659 3181 749 3244 nutu
760 3175 925 3258 probavit,
932 3178 1102 3260 ·oeu10squ
1114 3175 1245 3259 clausit,
1256 3175 1314 3246 sed

314 3282 427 3358 gutta
440 3275 634 3358 tepidarum
648 3276 876 3358 lacrymarum
890 3296 951 3359 per
971 3297 1078 3360 genas
1099 3275 1173 3347 eius
1193 3276 1313 3346 decur-

316 3375 447 3447 rebant

400 3474 600 3546 “Parisiisne
611 3476 649 3545 ?''

400 3576 517 3646 Puella
532 3575 657 3646 iterum
672 3577 804 3648 annuit.

402 3674 564 3746 “Tuosne
579 3675 649 3746 fuit
664 3679 814 3747 amasius
822 3677 859 3748 ‘!''

401 3776 558 3846 Tertium
572 3776 712 3858 annuit;
734 3776 876 3848 tertium
891 3778 1049 3861 lacrymae
1063 3784 1215 3848 manant.

402 3875 524 3948 “Nunc
539 3877 607 3947 iam
621 3877 793 3962 memini‚”
808 3878 921 3963 inquit
935 3885 1092 3950 matrona
1106 3878 1228 3951 subito.
1244 3878 1323 3950 “Se-

317 3979 384 4048 mel
399 3999 479 4048 eum
494 3999 573 4048 cum
587 3977 653 4048 ista
667 3977 749 4048 vidi.
772 3979 870 4063 Quod
885 3979 1015 4063 negotii
1029 3979 1092 4063 ipsi
1117 3979 1181 4050 hac
1206 3980 1242 4050 in
1262 3979 1322 4050 do-

319 4099 375 4149 mo
389 4077 459 4148 tuit
468 4078 504 4148 ?''
519 4078 631 4162 pergit
645 4079 702 4149 illa
716 4079 877 4163 asperius.
901 4078 1090 4163 “Eloquere
1099 4079 1129 4150 !''

404 4176 517 4249 “Hera
530 4178 615 4249 mibi
639 4201 816 4263 nunquam
841 4179 1046 4253 condonabit
1055 4179 1084 4250 !''
1109 4179 1322 4264 singultabat
