3502 5158
433 895 475 962 24
697 911 905 964 nrsranruu
926 911 1033 966 anca
1055 906 1172 966 nouus

432 1077 526 1147 facta
541 1077 602 1146 sibi
618 1077 744 1147 confisa
758 1099 935 1162 nunquam
944 1079 1132 1163 evulgavit.
1146 1101 1208 1148 nec
1220 1080 1311 1162 quod
1322 1103 1435 1151 emen-

432 1176 535 1246 titum
550 1178 713 1260 cognovit
728 1200 883 1261 unquam
898 1179 971 1249 loco
985 1179 1059 1248 veri
1073 1179 1275 1250 venditavit.
1292 1180 1434 1264 Insuper

433 1276 571 1359 quidam
587 1299 707 1348 sensus
720 1278 843 1360 leporis
857 1278 1007 1350 sodalem
1022 1301 1102 1349 eum
1129 1279 1274 1350 reddidit
1297 1281 1435 1364 optatis·

433 1376 567 1460 simum,
583 1384 688 1460 atque
703 1378 776 1447 haec
792 1379 865 1448 eius
879 1378 1008 1448 indoles
1022 1379 1057 1448 in
1073 1400 1176 1449 causa
1200 1401 1273 1449 esse
1298 1379 1435 1450 videba-

431 1483 492 1545 tur
505 1498 611 1560 quare
627 1478 735 1548 telum
751 1478 927 1548 Mortuarii
953 1478 1160 1561 Goldberger
1175 1487 1247 1548 tam
1263 1480 1351 1549 bono
1365 1479 1435 1549 ani-

433 1597 489 1645 mo
505 1577 684 1647 subridens
699 1578 894 1661 excepisset.

518 1676 674 1748 “Victum
692 1699 754 1747 nos
770 1679 892 1748 mereri
905 1685 1061 1762 oportere
1077 1687 1116 1748 tu
1132 1679 1213 1748 satis
1228 1679 1348 1762 nosti,''
1363 1680 1434 1763 ipse

433 1777 615 1860 respondit.
639 1776 760 1846 “Hunc
776 1778 976 1861 probissime
992 1800 1095 1863 quam
1122 1800 1304 1862 possumus
1329 1801 1436 1849 mere·

432 1899 520 1946 mur.
536 1877 705 1960 Quidnam
722 1879 795 1960 tibi,
816 1877 1017 1962 Simmonds‚
1031 1878 1206 1948 videtur?”
1518 1963 1523 1974 Ι

518 1975 611 2060 “Ego
627 1978 797 2061 quidem‚”
821 1979 869 2048 ait
893 1978 1093 2060 Simmonds‚
1124 1979 1182 2061 qui
1211 1979 1237 2048 si
1269 1980 1435 2048 facultate

432 2077 641 2160 imaginandi
654 2079 709 2146 vel
724 2078 871 2148 maxime
886 2079 1043 2162 pollebat,
1069 2101 1246 2161 nunquam
1277 2079 1434 2162 prodidit,

433 2175 642 2259 “puncturas
656 2177 729 2247 illas
744 2179 881 2260 pusillas
895 2180 930 2246 in
947 2201 1051 2247 manu
1074 2201 1154 2248 casu
1170 2185 1307 2248 tanturn
1324 2179 1435 2250 factas

432 2297 505 2346 esse
520 2298 650 2346 censeo.
662 2277 757 2346 Effici
773 2286 890 2347 autem
901 2277 1136 2348 diversissimis
1146 2279 1255 2348 modis
1265 2285 1433 2362 poterant.

432 2375 590 2448 Fortasse
604 2376 729 2446 cadens
743 2399 884 2446 manum
901 2379 949 2447 rei
976 2376 1075 2448 alicui
1100 2378 1209 2460 illisit;
1230 2379 1378 2449 fortasse
1398 2379 1434 2448 in

431 2475 536 2546 fibula
551 2477 699 2558 quadam
725 2499 801 2546 eam
826 2477 1050 2561 scariphavit;
1077 2478 1225 2563 denique
1250 2479 1342 2548 forte
1357 2500 1435 2562 pus·

431 2578 521 2646 tulus
536 2575 580 2646 ibi
596 2577 731 2646 cultello
745 2577 910 2661 aperuit.''

516 2675 626 2759 “Quid
643 2683 718 2746 tum
734 2699 814 2746 eum
829 2685 942 2747 morte
956 2678 1112 2748 affecitl”
1135 2679 1258 2761 quaerit
1272 2677 1434 2761 Godfrey.

517 2775 718 2846 “Venenum
733 2813 773 2822 -
790 2785 824 2846 et
840 2777 903 2847 hoc
918 2778 953 2846 in
969 2776 1145 2848 stomacho
1161 2779 1234 2848 eius
1248 2785 1311 2848 est.
1334 2777 1385 2847 lbi
1399 2778 1433 2848 id

356 2931 360 2944 .
432 2875 673 2958 reperiemus.”

513 2975 625 3059 “Quid
640 2975 682 3045 de
697 2976 837 3044 odorel''
860 2975 1011 3059 Godirey
1026 2977 1140 3047 instat.

515 3074 795 3158 “Aliquantulum
811 3075 894 3158 eius,
910 3076 1057 3160 phialam
1071 3078 1113 3146 ad
1130 3078 1219 3147 labia
1238 3077 1432 3159 attollendo,

431 3175 466 3244 in
481 3182 596 3244 vestes
611 3197 690 3245 suas
704 3197 786 3246 casu
802 3176 969 3259 dispersit.
999 3177 1140 3247 Poterat
1161 3185 1350 3260 puncturas
1376 3199 1433 3247 eas

431 3275 499 3344 iam
516 3282 618 3344 antea
632 3275 668 3344 in
681 3297 788 3345 manu
804 3276 971 3358 habuisse,
997 3299 1083 3360 quas
1104 3277 1182 3347 dein
1197 3299 1371 3349 venenum
1385 3279 1433 3348 in·

432 3375 630 3445 flammavit.
654 3375 725 3444 Aut
740 3398 823 3445 vero
838 3399 857 3445 e
873 3376 962 3447 malo
978 3377 1153 3460 sanguinis
1168 3375 1366 3448 laboravit.’'

515 3475 724 3559 Goldberger
753 3483 842 3545 nutu
872 3474 946 3546 haec
974 3477 1141 3561 probavit,
1172 3499 1252 3561 quae
1281 3479 1432 3562 Godirey

430 3575 528 3644 iuxta
543 3582 638 3645 stans
653 3576 720 3645 leni
734 3576 804 3646 risu
821 3577 963 3660 excepit.
1048 3645 1053 3656 ,

515 3675 660 3745 “Nonne
686 3679 872 3759 aenigmata
895 3677 995 3746 facile
1022 3678 1241 3748 solvuntur?'’
1274 3679 1433 3762 quaesivit

431 3775 580 3844 tandem.

515 3873 668 3958 “Oppido
677 3875 816 3946 facilius
824 3885 876 3946 est
886 3899 1023 3946 causam
1032 3877 1216 3961 simplicem
1228 3887 1432 3963 naturaeque

430 3997 618 4058 congruam
632 3979 781 4059 reperire
797 3998 900 4059 quam
916 3985 1176 4061 repugnantem,
1193 3980 1361 4062 longeque
1376 4000 1432 4063 pe-

431 4075 530 4146 titam
557 4111 594 4120 -
609 4075 659 4145 uti
675 4077 701 4144 si
719 4082 896 4159 quaeratur
922 4079 980 4160 qui
1006 4099 1098 4147 unus
1123 4080 1279 4161 alterum,
1306 4101 1431 4149 manus

430 4175 504 4244 eius
519 4175 750 4258 scariphando‚
777 4177 927 4246 occidere
952 4177 1088 4259 possit‚”
1116 4179 1243 4261 regerit
1269 4179 1428 4249 Goldber-
