3502 5158
445 820 488 887 44
705 835 915 890 MYSTERIUM
936 835 1044 890 ARCAE
1064 828 1183 890 BOULli

445 1023 522 1072 sum
537 1001 666 1085 gradus
679 1003 840 1085 cucurrit,
855 1009 890 1073 et
905 1024 967 1087 per
981 1003 1191 1074 vestibulum
1205 1002 1249 1073 ad
1262 1002 1442 1072 forescon·

443 1102 558 1186 clavis,
573 1103 633 1172 ubi
648 1102 795 1175 cadaver
810 1103 931 1174 Franci
946 1103 1196 1186 inveneramus,
1211 1101 1402 1173 antecessit.

527 1219 610 1303 “En,
624 1220 700 1304 illic,
715 1221 762 1290 mi
778 1219 869 1292 Here
879 1220 908 1291 !”
934 1221 984 1290 ait
994 1221 1194 1303 sbrgultans.
1211 1219 1326 1290 “Intra
1336 1219 1402 1290 illic
1412 1218 1442 1288 !”

442 1320 515 1404 ipse
529 1327 648 1391 autem
661 1321 782 1404 parieti
796 1343 832 1392 se
847 1321 1018 1405 applicuit,
1042 1320 1125 1391 dum
1140 1342 1205 1404 ego
1219 1321 1379 1391 conclave
1394 1320 1442 1389 in·

443 1442 581 1505 gressus
595 1441 682 1490 sum.

526 1539 694 1610 Conclave
719 1538 904 1609 luminibus
929 1545 1003 1609 erat
1028 1537 1276 1621 colustrum,
1305 1538 1441 1622 meique

443 1639 530 1710 oculi
545 1661 607 1723 pro
621 1647 796 1709 momento
810 1639 971 1710 occoecati
986 1639 1173 1723 splendore,
1188 1639 1338 1718 primum
1357 1639 1441 1708 nihil

440 1743 514 1810 fere
528 1739 718 1810 discernere
726 1745 895 1823 poterant.
906 1739 1098 1810 Coecuuens
1112 1739 1184 1809 vidi
1200 1739 1353 1823 Godfrey
1366 1761 1441 1823 pro

441 1862 552 1924 ruere,
567 1861 672 1923 seque
687 1839 848 1922 ingenua
862 1845 1085 1922 prosternere.

524 1957 623 2027 'lbrne
637 1957 726 2027 oculi
740 1956 808 2026 mei
823 1957 1029 2039 claruerunt,
1043 1956 1183 2040 vidique
1203 1957 1239 2026 in
1262 1956 1335 2040 ipso
1356 1979 1441 2041 pun·

440 2064 496 2128 cto
511 2057 584 2139 loci,
598 2056 658 2127 ubi
684 2057 855 2127 d'Aurelle
878 2056 1120 2140 exspiraverat,
1146 2056 1293 2126 alterum
1318 2079 1441 2141 eorpus

441 2194 482 2204 -
497 2179 586 2228 anne
599 2156 670 2227 fuit
684 2157 789 2240 idem,
800 2157 920 2227 eodem
941 2156 1090 2241 quodam
1115 2177 1238 2226 arcano
1263 2157 1365 2227 modo
1390 2177 1441 2226 re

440 2257 599 2341 positum,
614 2263 655 2327 ut
669 2257 883 2340 tragoediam,
893 2256 1147 2340 postmeridiem
1162 2264 1243 2327 ante
1254 2258 1369 2327 oculos
1382 2279 1441 2328 no

439 2365 529 2428 stros
543 2363 665 2440 actam,
679 2355 1021 2441 repraesentaremus?

523 2471 662 2544 Memini
682 2494 738 2542 me
758 2473 985 2558 proclinatum
1005 2479 1046 2543 ut
1067 2474 1204 2544 vultum
1225 2475 1301 2544 eius
1322 2480 1440 2544 contu·

438 2596 514 2645 erer
532 2609 573 2619 -

521 2689 649 2762 Vultus
663 2695 737 2759 erat
751 2689 899 2772 Philippi
913 2689 1071 2759 Vantine.

522 2807 695 2877 Minutum
709 2807 872 2890 temporis
894 2805 982 2875 elabi
1006 2804 1185 2888 oportebat
1204 2805 1287 2876 dum
1307 2827 1373 2890 ego
1394 2805 1441 2876 ibi

439 2907 573 2978 stabam
593 2906 762 2976 attonitus
782 2912 819 2975 et
839 2912 999 2975 tremens.
1037 2905 1199 2975 Conscius
1221 2905 1441 2988 quodammo-

438 3005 555 3177 2101de
564 3005 717 3143 oodfrey
737 3026 880 3076 examen
900 3004 1090 3074 instituere.
1123 3004 1214 3074 Tum
1229 3027 1350 3076 vocem
1366 3005 1440 3076 eius

521 3221 700 3292 “Mortuus
713 3221 785 3305 ipse
801 3228 854 3291 est
862 3219 892 3290 !”
913 3221 1036 3305 inquit.

520 3338 611 3408 Tum
626 3359 688 3422 pro
700 3344 874 3408 momento
888 3337 1062 3407 silentium
1076 3344 1130 3408 est
1145 3340 1290 3409 factum.

520 3453 649 3524 “Cerne
671 3453 744 3538 hoc,
765 3453 923 3524 Lester!”
945 3476 1058 3524 acrem
1079 3454 1195 3524 audivi
1216 3476 1336 3524 vocem
1351 3455 1440 3526 God-

436 3555 515 3638 frey
530 3559 565 3623 et
580 3553 837 3623 mandatoriam.
847 3551 934 3622 “Per
944 3575 1062 3624 omnes
1074 3555 1163 3623 Deos
1174 3553 1340 3638 Deosque,
1352 3555 1439 3638 aspi-

437 3676 476 3724 ce
491 3653 554 3723 hoc
564 3652 594 3723 l’

481 3768 672 3939 bGodfrey
686 3769 832 3852 genibus
847 3769 1005 3840 brsistens
1032 3769 1160 3852 aliquid
1184 3769 1361 3841 sublatum
1391 3778 1441 3841 te·

437 3892 481 3940 ne
505 3876 551 3939 at

520 3983 734 4058 “Cemedum
747 3984 840 4055 istud
849 3985 877 4055 l''
899 3986 1026 4056 iterum
1042 4007 1097 4055 me
1112 3985 1282 4056 inclamat.

521 4101 662 4172 Manum
676 4101 803 4172 mortui
818 4102 988 4172 sublatam
1002 4107 1179 4173 ostentans
1192 4102 1333 4175 tenebat
1338 4125 1347 4187 ;
1369 4125 1442 4176 ma·
