3502 5158
402 793 444 862 40
662 805 872 862 ursrmun
892 804 1000 859 anem
1021 796 1140 857 nomn

401 982 469 1048 tus.
491 974 594 1059 Quasi
609 996 629 1044 e
642 973 791 1044 nubibus
806 974 963 1056 delapsus
988 993 1061 1042 esse
1083 971 1230 1041 videtur.
1267 969 1403 1041 Remul-

401 1076 556 1146 cavimus
570 1075 713 1144 officinae
727 1081 854 1144 nostrae
868 1072 1055 1156 Parisiacae,
1070 1080 1112 1142 ut
1125 1071 1173 1141 illi
1187 1071 1400 1154 indagarent

402 1176 467 1246 hac
480 1196 624 1259 vespera
639 1196 838 1258 responsum
849 1179 1094 1258 exspectamus.
1106 1171 1171 1242 Sed
1183 1171 1286 1240 etiam
1297 1171 1402 1254 siquis

401 1275 610 1359 Theophilus
624 1274 794 1345 d’Aurelle
808 1274 931 1344 fuisset
946 1294 1179 1356 repeteremus
1199 1271 1283 1341 nihil
1305 1272 1402 1342 nobis

403 1375 609 1459 prodesset.”

487 1474 659 1546 “securi”
674 1496 792 1558 quaero
806 1474 849 1544 ab
865 1496 914 1543 e0.

487 1574 730 1645 “Manifestum
745 1575 910 1658 siquidem
936 1580 989 1643 est
1011 1573 1047 1643 id
1069 1595 1139 1643 non
1161 1595 1263 1643 suum
1277 1593 1402 1642 nomen

404 1677 544 1746 fuissel'

488 1791 629 1875 “Perge,
644 1792 691 1862 mi
706 1790 866 1874 Godfrey,
882 1812 985 1860 narra
998 1814 1041 1860 ex
1056 1791 1204 1874 ordine‚”
1226 1791 1293 1860 dixi
1315 1791 1346 1860 ei
1367 1791 1402 1860 in

355 1883 358 1894 '
406 1915 461 1963 me
477 1891 663 1975 renidenti;
686 1890 790 1962 “mihi
806 1891 896 1961 enim
911 1913 980 1960 non
995 1898 1048 1962 est
1062 1891 1222 1961 clarum.”

489 2008 616 2092 “Atqui
632 2009 714 2079 satis
728 2009 845 2092 liquet.
883 2009 1042 2094 Quinque
1057 2009 1207 2092 pagellas
1221 2009 1256 2077 in
1271 2011 1403 2088 sacculo

406 2109 564 2192 habebat,
580 2111 691 2179 nullas
705 2131 812 2193 pares.
835 2108 983 2192 sextam,
997 2111 1090 2179 nullo
1111 2109 1257 2178 fortasse
1273 2109 1405 2180 delectu

405 2210 562 2280 submisit
576 2209 755 2279 Vantine.”

490 2327 590 2409 Tum
606 2327 736 2410 utique,
752 2326 917 2411 perspexi,
933 2348 996 2396 nec
1011 2326 1110 2396 aliter
1125 2326 1214 2396 sensi
1229 2348 1333 2409 quam
1348 2326 1405 2396 dd

405 2434 483 2498 ctus
498 2427 669 2510 Hispanus
684 2427 821 2497 videtur
832 2427 973 2496 sensisse
985 2448 1092 2509 quum
1105 2425 1290 2496 Columbus
1301 2449 1406 2498 ovum

406 2529 441 2597 in
456 2528 605 2597 fundum
620 2527 806 2597 statuisset.
829 2525 902 2596 Hoc
917 2528 1071 2610 exemplo
1087 2548 1163 2596 meo
1179 2525 1331 2610 Godfrey
1345 2528 1406 2598 ite-

407 2649 485 2698 rum
500 2627 611 2697 ridere
624 2626 738 2711 coepit.

490 2743 622 2814 “Verus
647 2743 702 2812 ille
727 2742 908 2826 d’Aurelle‚
935 2743 1148 2827 quiscunque
1173 2743 1202 2812 is
1217 2745 1406 2828 reperietur

407 2844 545 2926 fuisse,'’
560 2843 736 2925 subiungit
750 2845 832 2927 ipse,
848 2842 994 2927 “poterit
1008 2865 1070 2913 nos
1083 2844 1212 2914 iuvare.
1224 2844 1283 2915 Sin
1298 2845 1405 2926 aliter,

407 2944 544 3015 decuria
558 2943 871 3014 lictoriaParisiaca
893 2943 990 3014 nobis
1014 2952 1199 3014 succurret.
1232 2945 1405 3016 Mensurae

407 3044 659 3116 Bertillonianae
673 3043 820 3114 hominis
834 3045 961 3114 mortui
977 3045 1127 3114 remulco
1142 3044 1173 3114 ei
1187 3045 1300 3114 missae
1315 3054 1406 3115 sunt.

407 3145 455 3214 At
468 3167 512 3214 ne
528 3145 591 3214 hoc
607 3144 744 3228 quidem
758 3145 900 3226 iuvabit,
915 3145 943 3214 si
958 3167 1137 3228 nunquam
1151 3152 1273 3228 captus
1289 3146 1405 3215 fuerit.

407 3245 474 3316 Sed
488 3244 626 3328 consilia
640 3245 714 3314 eius
728 3267 772 3314 ne
787 3251 864 3314 tum
879 3245 1017 3328 quidem
1042 3244 1334 3327 eruemus‘donec
1349 3246 1407 3314 ali·

408 3345 490 3429 quid
507 3344 548 3414 de
563 3366 603 3414 eo
618 3345 708 3414 clare
722 3344 944 3414 constiterit.”

490 3460 567 3544 “At,
587 3462 635 3531 mi
659 3461 845 3545 Godfrey‚''
872 3484 956 3545 rogo
982 3483 1071 3545 eum,
1098 3460 1240 3531 “demus
1264 3469 1299 3532 te
1321 3462 1407 3532 scire

408 3561 485 3646 quis
499 3562 528 3630 is
542 3562 658 3644 fuerit,
671 3562 755 3644 quid
770 3562 899 3645 negotii
914 3583 992 3632 cum
1004 3561 1152 3632 Vantine
1166 3563 1198 3632 ei
1212 3562 1408 3632 intercesse-

408 3663 454 3732 rit
468 3697 508 3706 —
524 3662 645 3732 demus
671 3662 817 3746 denique
843 3669 878 3732 te
904 3670 996 3732 recte
1022 3662 1176 3732 divinare
1202 3661 1280 3744 quis
1294 3669 1330 3732 et
1345 3684 1407 3732 cur

408 3760 566 3832 occiderit
590 3783 669 3832 eum
700 3797 734 3808 -
764 3763 827 3845 dic,
851 3763 960 3845 sodes,
988 3763 1128 3846 quinam
1142 3761 1177 3831 id
1192 3763 1325 3832 factum
1352 3763 1406 3832 sit.

343 3878 347 3885 ·
409 3863 481 3932 Hoc
496 3869 548 3932 est
564 3863 655 3946 quod
670 3883 726 3932 me
741 3863 838 3932 ludit.
861 3862 1007 3947 Quinam
1022 3862 1056 3932 id
1071 3864 1204 3932 factum
1218 3863 1312 3934 est?”

490 3978 542 4048 “A
553 3977 581 4048 Ψ
597 3981 705 4049 refert
719 3979 881 4063 Godfrey.
898 3978 982 4050 “Hic
997 3987 1049 4049 est
1063 4001 1192 4050 nervus
1206 3979 1274 4050 rei!
1296 3981 1361 4064 Qui
1370 3978 1405 4049 id

403 4081 536 4151 factum
551 4079 612 4150 sit?
634 4080 706 4150 Iam
732 4087 767 4150 te
790 4079 905 4151 monui
932 4080 1057 4151 bellum
1078 4080 1170 4150 hunc
1184 4101 1258 4150 esse
1272 4102 1401 4164 casum,
