3500 5158
497 963 501 972 Δ
572 887 767 942 ouocunnn
789 885 970 942 nruoouu
991 885 1128 941 seman
1286 869 1348 940 315

346 1079 385 1127 ra
400 1057 513 1127 visum
526 1078 581 1126 me
596 1057 701 1127 venit.
713 1056 814 1126 Modo
824 1061 961 1126 tantum
975 1077 996 1124 a
1011 1053 1245 1125 Promontorio
1266 1052 1348 1135 Cod,

348 1156 406 1228 ubi
431 1157 653 1240 septimanam
679 1178 813 1227 summo
838 1155 1044 1226 valetudinis
1072 1176 1158 1224 meae
1185 1152 1347 1223 beneficio

347 1278 538 1341 exegerm
554 1279 712 1327 reversus
726 1278 821 1338 sum;
843 1278 906 1325 nec
920 1264 973 1325 est
987 1276 1049 1325 cur
1064 1275 1213 1325 asseram
1227 1274 1343 1323 conve

347 1357 436 1428 nisse
452 1379 533 1428 eum
547 1357 696 1427 maximo
710 1356 794 1426 mihi
808 1356 915 1426 fuisse
931 1356 1187 1426 delectamento.

431 1473 607 1556 “Denique
621 1479 761 1557 aspectu
784 1473 852 1542 iam
873 1473 998 1542 iterum
1013 1472 1066 1542 tui
1080 1493 1117 1542 es
1132 1470 1276 1553 similis,''
1291 1491 1347 1540 me

347 1574 477 1644 affatur
486 1579 600 1644 totum
610 1573 716 1644 oculis
725 1575 883 1644 lustrans.
896 1571 982 1643 “Per
989 1572 1124 1656 aliquod
1132 1579 1270 1655 tempus
1277 1592 1346 1641 non

346 1696 469 1758 parum
486 1674 529 1744 de
543 1682 580 1745 te
594 1674 756 1744 sollicitus
770 1675 894 1744 eram.”

430 1789 638 1875 “Nunquam
660 1789 783 1861 melius
797 1790 900 1860 ualui.
923 1789 1053 1874 Saepius
1076 1797 1110 1860 te
1125 1789 1243 1861 monui
1265 1789 1348 1859 nihil

346 1892 390 1963 ad
405 1891 637 1963 valetudinem
651 1912 763 1961 meam
788 1890 980 1974 desiderari,
1002 1891 1066 1961 nisi
1082 1900 1122 1960 ut
1145 1891 1347 1974 mysterium

345 1992 428 2063 illud
441 1993 580 2062 tandem
593 1991 774 2075 aliquando
789 1993 972 2062 solvatur.”

430 2107 496 2179 “Et
511 2108 545 2179 id
560 2109 710 2178 solutum
726 2115 778 2179 est
793 2109 836 2179 ad
851 2117 987 2192 tempus
1001 2115 1139 2190 statum,
1168 2129 1281 2178 nonne
1296 2115 1349 2178 est

346 2230 469 2280 verum
475 2209 511 2280 ?’'
527 2208 651 2292 quaerit
666 2210 852 2291 subridens,
882 2207 1038 2278 “tametsi
1059 2230 1127 2277 non
1152 2229 1192 2277 eo
1207 2229 1275 2292 quo
1290 2230 1348 2278 ex-

347 2309 497 2394 spectavi
512 2308 622 2379 modo.
644 2309 734 2379 Scito
749 2315 875 2391 tamen,
899 2309 1027 2390 Lester,
1051 2309 1212 2377 futurum
1235 2315 1276 2378 ut
1296 2329 1348 2378 ar·

346 2431 421 2480 carn
436 2431 512 2480 eam
528 2409 611 2479 mihi
625 2409 824 2491 vindicem‚”
839 2408 951 2492 inquit
967 2407 1133 2478 renidens.

431 2508 608 2593 “Quanam
624 2509 741 2592 leger*
757 2530 884 2591 quaero.

430 2607 551 2689 “Quod
567 2609 724 2678 dominus
737 2609 889 2679 eiusdem
904 2608 987 2677 mihi
1002 2630 1077 2678 eam
1093 2608 1264 2691 donavit,”
1276 2608 1348 2692 qui-

346 2710 413 2780 bus
426 2708 542 2779 verbis
556 2707 750 2778 schedulam
765 2731 784 2778 e
800 2729 962 2778 crumena
977 2730 1039 2778 sua
1054 2709 1271 2792 exprompsit,
1286 2709 1347 2777 mi-

233 2823 239 2832 ·
347 2810 451 2893 hique
467 2808 628 2893 porrexit.

430 2910 579 2979 Evoluta
594 2908 754 2978 schedula
769 2908 972 2992 scripturam
987 2909 1146 2978 subtilem
1171 2931 1210 2978 ac
1233 2910 1347 2980 foemi-

346 3010 473 3092 ninam,
489 3030 592 3092 quam
607 3009 710 3078 semel
723 3009 792 3078 iam
807 3016 909 3079 antea
922 3009 1084 3092 videram,
1100 3010 1235 3092 agnovi.

436 3159 554 3229 “Here
570 3161 621 3229 mi
639 3161 894 3230 humanissime
919 3161 1010 3236 (erat
1024 3159 1166 3243 epistolii
1191 3165 1325 3238 textus)

431 3325 609 3409 “Comperi
619 3349 675 3396 me
686 3348 785 3410 aequo
800 3327 940 3396 minon's
953 3334 989 3396 te
1004 3327 1135 3410 fecisse,
1148 3335 1183 3398 et
1194 3328 1237 3398 ob
1247 3329 1281 3398 id
1291 3350 1347 3399 me

347 3417 535 3495 purgatum
548 3410 611 3480 tibi
621 3432 694 3508 esse
705 3411 817 3480 velim.
834 3410 973 3480 Confido
985 3411 1034 3480 ita
1044 3411 1124 3479 mihi
1136 3412 1348 3494 aliquandoa

347 3496 489 3564 fortuna
502 3493 640 3564 fautum
654 3517 694 3563 in
719 3502 758 3564 ut
774 3496 808 3563 in
823 3500 935 3576 coepto
957 3494 1104 3576 quodam
1119 3502 1234 3565 tecum
1247 3496 1282 3564 in
1297 3500 1347 3565 vi·

347 3600 404 3675 ces
417 3577 523 3647 iuncti
538 3577 645 3648 simus
659 3613 701 3622 -
715 3577 829 3648 exitus
848 3579 947 3647 cuius
968 3579 1121 3660 profecto
1146 3579 1348 3650 vicissitudi-

347 3662 449 3731 mbus
462 3661 558 3758 miris
571 3661 663 3732 haud
678 3661 847 3730 cariturus
869 3661 923 3730 sit.
945 3661 992 3730 At
1006 3682 1098 3730 nunc
1113 3661 1148 3730 in
1173 3664 1346 3746 Europam

348 3767 404 3814 me
418 3745 606 3841 reduener
619 3747 858 3826 LoBretapne
868 3766 1004 3814 necesse
1015 3753 1077 3825 est;
1089 3745 1161 3814 fieri
1172 3747 1263 3816 enim
1318 3769 1347 3816 s

348 3849 461 3898 senon
469 3828 624 3910 arbitror,
633 3836 709 3911 post
718 3829 910 3898 discrimina
920 3849 998 3911 quae
1006 3829 1210 3912 subiveram,
1220 3838 1260 3899 ut
1291 3852 1347 3900 uae

348 3912 564 3983 Celsitudinis
578 3911 694 3994 Magni
709 3913 813 3982 Ducis
823 3913 1023 3982 adamantes
1033 3912 1196 3981 deseram.
1208 3913 1347 3983 Confido

348 4017 485 4079 sperare
501 3995 584 4064 mihi
598 3994 697 4064 licere
711 4003 752 4065 ut
767 4003 817 4078 tu,
832 3997 939 4066 veluti
954 3996 1079 4078 pignus
1103 4018 1189 4066 meae
1214 4018 1297 4081 erga
1311 4005 1346 4066 te

349 4099 493 4149 summae
508 4078 751 4160 aestimationis,
765 4101 880 4149 arcam
896 4079 1002 4150 Boule
1017 4079 1166 4163 accipere
1178 4102 1199 4150 a
1209 4103 1265 4150 me
1278 4102 1347 4151 non

348 4166 503 4246 gravere,
517 4183 632 4245 quam,
647 4184 848 4246 persuasum
864 4163 985 4248 habe0,
1008 4165 1177 4248 optimum
1193 4172 1348 4236 nostrum
