3554 5156
408 866 471 936 150
674 881 883 938 ursrrmuu
904 881 1013 938 onom
1034 874 1153 936 nourr

486 1049 545 1120 “Id
559 1049 633 1120 fieri
645 1049 795 1132 potuisse
806 1071 875 1120 non
886 1050 1116 1132 negaverim,''
1127 1047 1313 1120 assentitur
1322 1048 1405 1132 ipsa,

404 1171 613 1232 quamquam
627 1151 697 1220 vidi
713 1171 788 1220 eam
803 1171 1001 1235 persuasam
1015 1171 1084 1220 non
1098 1171 1181 1220 esse.

488 1249 623 1320 “Nihilo
638 1258 754 1320 tamen
769 1251 888 1333 secius,
915 1272 992 1320 mea
1017 1250 1141 1333 Hera,”
1165 1251 1298 1334 appello
1318 1270 1404 1332 eam,

405 1349 588 1420 “evulsura
602 1350 764 1431 forulum,
779 1349 970 1421 adhibendo
991 1349 1056 1419 isto
1081 1349 1236 1420 manutio
1260 1349 1406 1434 propriae

406 1451 561 1520 consules
591 1450 722 1532 saluti‚”
745 1450 871 1533 quibus
895 1449 994 1520 dictis
1019 1449 1214 1520 manutium
1235 1449 1399 1532 Godfrey‚

419 1573 442 1618 n
469 1550 550 1619 sella
565 1549 757 1632 depositum
771 1549 817 1618 illi
832 1551 976 1632 porrexi.
998 1548 1112 1619 “Nihil
1136 1549 1260 1620 attinet
1285 1549 1404 1630 ullum,

408 1650 511 1719 etiam
526 1650 715 1732 minimum,
725 1650 900 1719 incurrere
917 1649 1117 1733 periculum.
1140 1649 1219 1720 Sine
1234 1649 1403 1732 obsecro,’'

406 1759 442 1820 et
456 1751 509 1819 his
519 1749 634 1819 verbis
648 1757 751 1820 rectae
764 1750 881 1820 manui
897 1750 971 1820 eius
985 1749 1180 1820 manutium
1194 1747 1323 1820 induxi.

489 1851 538 1920 Ea
554 1871 590 1919 re
606 1857 792 1934 occupatus
807 1850 922 1920 oculos
936 1871 1030 1919 meos
1044 1850 1080 1919 in
1095 1849 1248 1934 Godfrey
1269 1847 1406 1921 conieci.

411 1952 485 2033 lpse
518 1950 576 2020 tali
602 1950 727 2020 obtutu
754 1949 913 2034 pascebat
938 1950 1053 2019 oculos
1076 1949 1110 2019 in
1137 1957 1294 2020 matrona
1317 1949 1408 2020 velr-

405 2059 441 2119 ta
470 2050 695 2133 stupefactus,
731 2057 771 2119 ut
800 2072 864 2133 ego
892 2050 1070 2132 voluptate
1101 2050 1175 2118 fere
1210 2049 1406 2120 suffocarer.

404 2152 492 2220 Raro
528 2150 712 2219 admodum
741 2151 823 2220 mihi
854 2151 998 2233 contigit
1026 2149 1230 2220 Iacobellum
1256 2149 1408 2232 Godfrey

403 2250 604 2332 ambagibus
628 2257 767 2332 captum
793 2272 942 2332 cernere,
968 2249 1027 2320 sed
1050 2271 1141 2321 nunc
1164 2257 1256 2321 certe
1270 2251 1341 2320 fuit
1354 2271 1408 2320 ca·

406 2351 504 2433 ptus!

488 2451 643 2520 Matrona
658 2452 772 2520 velata
786 2450 979 2521 manutium
1006 2472 1075 2521 non
1091 2449 1162 2520 sine
1178 2450 1249 2521 risu
1264 2449 1407 2534 excepit.

489 2551 542 2621 “N
545 2573 653 2622 uncne
669 2551 747 2621 licet
761 2551 843 2620 mihi
858 2552 1011 2621 forulum
1025 2550 1156 2634 aperire
1162 2551 1198 2622 ?'’
1211 2551 1343 2635 quaerit.

488 2651 614 2733 “Licet
629 2673 705 2721 mea
720 2652 844 2721 Hera.'’

487 2751 541 2821 Ad
556 2773 669 2821 arcam
691 2752 841 2833 accessit,
863 2772 919 2821 me
944 2757 981 2822 et
1006 2750 1156 2834 Godney
1183 2751 1407 2823 adstantibus.

404 2853 557 2922 Tandem
572 2852 718 2934 denique
732 2851 945 2934 mysterium,
960 2850 1053 2935 quod
1068 2873 1130 2921 nos
1146 2851 1311 2922 haetenus
1324 2851 1410 2922 ludi·

407 2954 580 3034 ficaverat,
596 2953 758 3022 solvetur.
780 2952 896 3034 Atque
911 2952 975 3022 hoc
990 2952 1152 3035 mysterio
1167 2952 1349 3035 patefacto,
1365 2952 1408 3022 ad

407 3054 509 3122 finem
535 3059 681 3134 vergent
705 3060 822 3122 nostra
847 3052 979 3134 poetica
1000 3052 1159 3135 aeriaque
1174 3051 1314 3135 somnia,
1330 3072 1409 3136 quae

408 3176 470 3222 nos
485 3153 589 3222 tantis
604 3152 775 3222 laboribus
787 3153 893 3222 moliti
909 3173 1055 3222 eramus.

490 3252 594 3335 Quasi
610 3275 672 3334 per
686 3253 885 3322 instinctum
900 3253 1088 3322 fenestram
1111 3251 1301 3323 tabulatam
1315 3273 1411 3336 aspe-

406 3353 551 3434 ctabam‚
567 3353 625 3422 sed
642 3353 793 3422 lunulam
808 3352 893 3422 lucis
908 3351 943 3422 in
957 3373 999 3422 ea
1013 3352 1096 3421 nibil
1110 3351 1345 3423 obumbrabat.

491 3453 625 3522 Interea
639 3459 795 3521 matrona
809 3453 923 3521 velata
937 3451 972 3520 in
986 3473 1101 3521 arcam
1127 3452 1313 3535 proclinata
1327 3450 1410 3535 digi-

406 3561 459 3622 tos
474 3575 546 3622 suae
561 3552 690 3621 dextrae
706 3573 810 3636 super
825 3573 960 3621 aeneum
976 3572 1063 3634 opus
1088 3551 1263 3622 musivum
1294 3551 1410 3623 lateris

408 3653 484 3722 laevi
501 3652 543 3721 ad
559 3652 772 3735 tangendum
785 3650 961 3735 disposuit.

492 3751 736 3834 “Aliquantum
761 3753 849 3822 male
873 3751 1034 3822 dextrum
1059 3751 1142 3820 mihi
1166 3752 1250 3834 est,'’
1271 3751 1320 3822 ait
1343 3749 1411 3822 illa,

407 3853 595 3936 “siquidem
611 3873 744 3934 semper
758 3850 846 3921 laeva
860 3872 965 3921 manu
982 3851 1033 3921 uti
1049 3851 1221 3922 consuevi.
1251 3851 1412 3922 Animad-

407 3954 531 4021 vertite
547 3974 601 4021 me
617 3951 728 4021 tribus
741 3951 775 4020 in
792 3951 872 4021 locis
886 3951 1003 4034 digitis
1017 3973 1183 4034 premere;
1199 3951 1243 4021 ad
1257 3951 1410 4022 forulum

406 4061 521 4122 tamen
536 4052 757 4134 aperiendum
773 4051 839 4121 ista
854 4052 926 4120 loca
940 4058 1034 4120 certo
1048 4051 1083 4120 in
1098 4051 1216 4121 ordine
1233 4057 1316 4121 sunt
1336 4072 1410 4135 pre-

409 4153 587 4222 menda-
603 4151 733 4234 primus
747 4151 820 4234 iste,
837 4150 914 4220 dein
930 4151 1003 4234 iste,
1019 4173 1059 4221 ac
1075 4151 1215 4221 tandem
1230 4151 1326 4222 iste.”
