3500 5158
675 927 764 983 sons
789 929 873 982 nam
899 927 1005 982 naor
1277 912 1340 982 291

338 1097 406 1166 iam
433 1097 536 1167 etiam
560 1097 658 1166 adest
668 1096 696 1166 !”
718 1096 848 1166 Eodem
873 1103 1025 1179 tempore
1050 1096 1151 1166 homo
1178 1095 1343 1166 brevioris

339 1205 492 1280 staturae,
520 1198 620 1280 nigro
646 1197 809 1267 barbatus
834 1196 987 1279 intravit,
1008 1205 1141 1266 certum
1164 1217 1237 1266 suae
1257 1196 1341 1265 artis

340 1297 510 1380 indicium,
524 1298 665 1380 bulgam
679 1297 1011 1367 medicamentariam
1025 1318 1139 1366 secum
1162 1304 1310 1380 gestans

422 1415 567 1484 Aduena
575 1415 697 1484 leviter
705 1415 850 1484 lustrato
860 1436 1009 1498 corpore,
1020 1436 1126 1483 manu
1136 1436 1199 1484 nos
1209 1413 1342 1483 recede·

340 1537 378 1586 re
392 1515 499 1597 iussit,
515 1515 696 1599 procubuit
707 1515 742 1583 in
753 1536 878 1598 genua,
887 1515 1087 1584 indumenta
1095 1514 1234 1584 resolvit
1241 1514 1275 1582 in
1285 1535 1342 1597 pe·

340 1623 443 1697 ctore,
458 1636 646 1697 auremque
660 1615 753 1684 cordi
767 1615 939 1698 applicuit.
950 1614 1035 1684 Dein
1047 1615 1082 1684 in
1097 1614 1223 1696 rigidos
1232 1615 1342 1696 inspe-

342 1716 394 1785 xit
409 1716 533 1796 0culos,
558 1715 736 1798 palpebras
756 1715 901 1797 induxit,
924 1714 1185 1796 observavitque
1211 1721 1252 1784 ut
1275 1714 1341 1784 illae

341 1815 454 1886 subito
468 1816 674 1898 recederent,
690 1821 767 1884 tum
782 1817 920 1884 demum
934 1815 1074 1896 bulgam
1093 1835 1191 1883 suam
1207 1814 1337 1896 pandit.

425 1915 706 1999 “Aliquantulum
721 1916 851 1998 aquae,”
867 1915 938 1998 ipse
952 1915 1048 1998 petit.

424 2015 566 2099 “ltaque
590 2038 659 2086 non
685 2023 738 2086 est
760 2014 962 2085 mortuus?”
989 2035 1106 2098 quaero
1131 2036 1206 2098 ego,
1232 2037 1340 2098 quum

342 2116 418 2199 quis
432 2116 619 2186 scribarum
634 2139 695 2200 pro
710 2137 800 2198 aqua
815 2115 983 2184 discurrit.

425 2214 626 2287 “Mortuus‘l
657 2217 736 2285 Non
758 2215 905 2298 quidem,
929 2214 989 2284 sed
1014 2214 1180 2285 inhalavit
1204 2215 1342 2299 aliquid,

342 2315 434 2400 quod
449 2317 480 2385 ei
496 2337 554 2386 cor
568 2317 705 2386 omnino
721 2315 840 2385 stitit.”

426 2433 543 2503 Genus
557 2432 705 2503 horroris
720 2433 808 2502 sensi
824 2453 884 2515 per
899 2433 1006 2502 cutim
1022 2454 1134 2502 meam
1146 2454 1281 2503 sursum
1293 2456 1342 2504 re·

342 2555 433 2616 pere,
449 2554 557 2616 quum
572 2533 656 2602 mihi
670 2533 706 2602 in
721 2539 871 2601 mentem
886 2533 1020 2602 veniret
1044 2534 1207 2603 memoria
1230 2534 1273 2604 ad
1294 2534 1342 2604 di·

341 2633 483 2703 midium
496 2634 604 2715 plenae
613 2633 686 2701 eius
695 2633 864 2715 lagenulae
878 2633 990 2702 rubidi
1001 2635 1133 2716 veneni,
1144 2655 1248 2716 quam
1259 2634 1340 2704 Cro-

341 2733 446 2803 chard
461 2733 496 2802 in
513 2733 646 2802 sacculo
661 2754 776 2801 secum
791 2733 944 2815 gerebat.

371 2849 372 2853 ’
426 2851 472 2919 At
487 2850 542 2919 ille
557 2849 658 2919 modo
685 2858 828 2918 mortem
849 2849 1004 2932 infligere
1028 2850 1182 2931 nolebat;
1204 2851 1342 2921 memini

343 2949 495 3031 Godfrey
509 2949 632 3018 dixisse
648 2970 727 3018 eum
742 2970 920 3032 nunquam
935 2948 1168 3018 adversarium
1193 2950 1343 3021 occidere

342 3051 489 3120 solitum.
505 3050 657 3118 Medicus
672 3049 802 3136 interea
817 3050 941 3119 acriter
966 3049 1163 3132 elaboravit,
1179 3072 1219 3120 ac
1234 3073 1343 3134 pauca

342 3151 477 3218 minuta
506 3156 583 3232 post
610 3149 696 3218 oculi
723 3149 915 3219 Simmonds
944 3149 1058 3218 subito
1086 3149 1343 3235 claudebantur,

344 3256 420 3319 tum
435 3250 577 3332 longum
592 3248 691 3317 duxit
706 3249 873 3330 spiritum,
889 3249 1036 3332 denique
1050 3249 1154 3318 etiam
1178 3272 1214 3320 se
1238 3250 1281 3320 ad
1295 3273 1345 3321 se-

342 3349 493 3419 dendum
508 3349 626 3418 erexit.
648 3348 817 3416 Paulatim
839 3349 973 3431 aperuit
994 3351 1118 3432 oculos,
1145 3350 1284 3421 sedebat
1305 3353 1346 3422 ti·

343 3449 470 3519 tubans
495 3471 534 3518 ac
558 3454 695 3530 nutans,
721 3447 893 3530 oculisque
919 3449 1113 3518 errantibus
1143 3451 1346 3536 circumspe-

343 3549 469 3618 etabat.

427 3663 562 3734 “Satius
576 3663 642 3732 erit
657 3663 720 3732 tibi
735 3663 860 3731 iterum
881 3663 1116 3747 decumbere,”
1131 3665 1180 3736 ait
1194 3667 1346 3738 medicus

343 3765 457 3834 verbis
472 3763 613 3832 lenibus,
640 3762 694 3831 “N
696 3763 827 3844 ecdum,
843 3770 884 3832 ut
899 3763 972 3846 scis,
987 3765 1107 3835 firmus
1121 3787 1158 3834 es
1171 3765 1346 3849 pedibus.”

428 3879 598 3949 “Ubinam
611 3881 732 3948 sum?”
747 3879 894 3949 halitans
905 3882 1028 3963 quaerit
1040 3881 1240 3951 Simmonds.
1252 3883 1344 3954 Tum

344 4003 425 4052 casu
440 4003 495 4049 me
511 3979 762 4050 animadvertit.
779 3979 957 4050 “Lester!”
973 4003 1029 4051 me
1043 3982 1180 4052 affatur.
1192 3980 1279 4053 “Ubi
1294 3983 1348 4055 est

344 4081 416 4164 ipse
431 4117 473 4125 -
487 4080 655 4164 Piggott?
677 4081 710 4148 N
712 4102 756 4150 on
773 4133 781 4149 .
797 4133 805 4150 .
823 4133 831 4149 .

428 4197 544 4268 Verba
571 4196 757 4282 baeserunt,
787 4197 921 4282 fulgida
946 4199 1149 4283 argentariae
1177 4220 1348 4275 marmora
