3554 5156
649 881 937 938 nnmomnouus
1250 867 1293 939 95

295 1072 373 1120 cum
388 1073 524 1134 quoque
538 1058 591 1120 est
605 1058 641 1122 et
654 1051 733 1121 hinc
748 1053 959 1134 praeclarum.
972 1053 1058 1122 Tam
1068 1059 1120 1122 est
1129 1053 1262 1122 unicas
1284 1093 1296 1104 -

293 1151 372 1220 bula
386 1173 489 1234 quam
502 1152 568 1220 ista
583 1173 662 1221 arca
677 1153 782 1222 Boule
794 1151 824 1220 !”

377 1251 514 1321 “Iamne
543 1275 634 1322 nunc
664 1260 704 1322 tu
735 1275 872 1336 quoque
902 1253 1107 1336 perspicis?”
1144 1253 1287 1337 quaesivi

291 1373 381 1433 aegre
392 1353 605 1435 aliquantum
620 1353 710 1436 quod
724 1354 919 1424 coniectura
932 1376 1009 1423 mea
1023 1361 1095 1424 tam
1110 1359 1199 1424 esset
1214 1376 1290 1438 per·

296 1473 420 1535 splcua.

377 1553 492 1622 “Num
517 1554 717 1638 perspiciam
727 1553 763 1622 ?'’
790 1555 915 1637 quaerit
938 1555 973 1624 in
1000 1555 1116 1624 sellam
1133 1555 1293 1625 recidens.

293 1653 397 1736 “Quis
410 1655 475 1723 nisi
491 1677 605 1724 coecus
618 1676 687 1724 non
703 1655 845 1725 videat?
878 1657 967 1724 Utut
982 1662 1097 1725 tamen
1113 1656 1166 1738 sit,
1182 1656 1225 1727 ob
1239 1677 1295 1726 res

294 1755 340 1823 sic
356 1755 495 1824 collatas
510 1754 612 1824 fidem
628 1755 776 1824 auctoris
791 1756 853 1825 tibi
868 1754 991 1826 tribuo.
1028 1757 1096 1825 Tot
1121 1756 1211 1824 enim
1236 1777 1294 1826 no

292 1863 402 1924 strum
418 1891 458 1900 -
473 1856 526 1925 uti
541 1854 675 1937 Grady!
692 1892 731 1901 —
747 1857 795 1924 ita
810 1855 1002 1925 ratiocinari
1028 1863 1215 1939 nequeunt,
1230 1878 1293 1925 nec

292 1976 370 2038 quae
385 1955 512 2038 negligi
527 1963 655 2038 queant
671 1955 898 2026 internoscere
923 1957 1049 2026 valent.
1086 1955 1149 2040 Sic,
1175 1979 1293 2026 secun·

293 2056 374 2125 dum
390 2054 514 2138 Grady,
529 2056 623 2138 quod
639 2057 787 2126 Vantine
803 2057 837 2126 in
852 2057 1096 2139 possessionem
1106 2077 1194 2126 arcae
1206 2058 1293 2126 Bou-

291 2157 321 2224 le
350 2177 431 2226 casu
461 2157 566 2238 venit,
581 2157 772 2227 verosimile
788 2166 876 2227 esset
891 2159 1024 2226 factum
1038 2157 1292 2240 negligendum,

291 2263 394 2339 atque
409 2255 471 2326 hoc
487 2257 599 2339 ipsum
619 2257 753 2327 iactum
769 2264 822 2327 est
835 2258 987 2328 omnium
1013 2264 1215 2328 caeterorum
1242 2279 1293 2327 es·

292 2357 409 2426 sentia.
431 2357 476 2425 Et
490 2364 530 2426 tu
546 2359 638 2428 solus
652 2358 686 2427 id
702 2359 938 2441 perspexisti.”

374 2455 441 2526 “At
456 2463 495 2527 tu
511 2479 647 2541 quoque
662 2457 696 2527 id
710 2459 778 2527 cito
799 2458 1024 2540 intellexisti,”
1039 2459 1189 2542 inquam,
1205 2457 1292 2542 “pri-

290 2579 384 2626 mum
399 2580 503 2641 quam
518 2557 581 2627 tibi
593 2557 720 2628 innui.''

373 2657 447 2727 “lta
460 2657 608 2742 quidem,
626 2659 684 2728 sed
700 2666 739 2728 tu
754 2659 800 2728 sic
828 2658 972 2729 retulisti
999 2667 1040 2729 ut
1066 2659 1114 2728 rei
1140 2661 1293 2742 gravitas

290 2765 378 2827 esset
393 2758 585 2828 manifesta.
608 2759 686 2828 Non
701 2781 823 2842 capere
837 2758 930 2828 haud
946 2766 1109 2842 poteram.
1137 2759 1227 2830 Puto
1242 2769 1292 2831 et-

288 2855 356 2928 iam
371 2865 557 2942 utrumque
572 2866 728 2928 nostrum
743 2881 840 2942 paene
855 2859 944 2928 idem
959 2860 1002 2929 de
1028 2882 1069 2929 ea
1093 2883 1129 2930 re
1155 2861 1291 2931 sentire.

290 2960 451 3042 Nempe,”
466 2959 520 3028 hic
535 2959 651 3042 digitis
665 2959 769 3043 coepit
782 2981 973 3029 numerare.
996 2959 1107 3030 “Arca
1120 2962 1292 3031 occultum

288 3061 440 3130 forulum
456 3059 617 3129 continet.
627 3059 661 3130 Si
673 3060 763 3129 enim
780 3082 821 3129 ea
835 3081 955 3130 revera
967 3061 1134 3130 Matronae
1145 3060 1186 3132 de
1198 3060 1292 3131 Mon·

288 3169 407 3243 tespan
423 3161 539 3242 fuerit,
554 3183 670 3230 carere
685 3182 808 3230 eonon
824 3167 960 3244 poterat
973 3197 1014 3207 —
1029 3161 1102 3244 ipsa
1113 3183 1153 3230 ea
1164 3183 1201 3231 re
1214 3183 1292 3244 ege-

289 3262 348 3331 bat
370 3283 508 3344 prorsus
532 3261 581 3330 ita
607 3267 647 3329 ut
674 3261 747 3343 ipsa
772 3261 914 3332 reticula
939 3261 1062 3345 egebat
1077 3262 1111 3331 in
1128 3261 1292 3344 supparis,

289 3368 350 3431 aut
374 3363 558 3444 gemmatis
582 3361 716 3430 nodulis
739 3361 775 3430 in
798 3361 969 3430 manutiis.
996 3361 1142 3431 Forulus
1156 3361 1194 3444 is,
1210 3385 1291 3446 quo

287 3463 379 3531 niam
394 3463 540 3531 fortasse
556 3461 761 3531 documenta
776 3461 885 3544 pretio
899 3461 992 3531 haud
1004 3460 1204 3531 aestimanda
1215 3484 1291 3532 con·

287 3569 448 3633 tenturus
462 3570 546 3644 erat,
562 3562 671 3632 veluti
686 3562 817 3630 litteras
832 3561 943 3644 regias
953 3561 1136 3632 amatorias
1150 3595 1192 3608 -
1207 3562 1289 3645 quin

287 3664 390 3732 etiam
414 3664 491 3746 plus
515 3663 543 3731 si
566 3662 710 3744 idgenus
735 3661 858 3730 litterae
883 3661 927 3731 ab
950 3661 1014 3732 alio
1029 3661 1104 3731 viro
1119 3661 1234 3732 erant!
1250 3697 1291 3708 -

287 3762 454 3846 condigne
470 3762 714 3833 custodiendus
729 3768 814 3845 erat,
827 3761 971 3846 ideoque
996 3761 1229 3832 mechanisma
1243 3765 1292 3832 ei·

286 3863 485 3947 fingendum
500 3869 575 3932 erat
589 3863 633 3932 ad
648 3862 949 3946 compungendum
959 3862 1144 3945 quemlibet
1158 3863 1290 3945 aperire

287 3971 477 4034 tentantem
492 3963 587 4033 etad
611 3985 783 4033 venenum
799 3969 871 4032 tam
900 3963 1024 4032 lethale
1054 3963 1100 4032 illi
1128 3961 1291 4032 instillan-

286 4064 379 4146 dum,
395 4072 436 4132 ut
450 4070 654 4212 prvaescntem
668 4062 812 4132 interret
827 4069 982 4133 mortem.
1014 4061 1162 4134 Rectene
1177 4062 1290 4133 hacte-

285 4185 350 4233 nus
366 4163 475 4234 sentio
488 4164 523 4234 .”
