3536 5156
427 927 592 983 donnana
607 927 779 982 naaman
794 927 975 983 eonncnn
990 927 1097 981 mxn
1201 909 1264 982 225

268 1097 366 1181 cepit,
380 1095 485 1166 biduo
499 1095 578 1166 hinc
591 1116 734 1166 munere
748 1117 784 1166 se
800 1095 971 1166 abdicavit
994 1130 1036 1140 -
1059 1095 1207 1178 primum
1228 1116 1268 1164 ac

267 1203 368 1267 tuum
383 1198 563 1266 remuleale
577 1204 763 1280 acceperat,
773 1197 872 1279 eique
883 1195 1111 1279 responderat.
1123 1194 1269 1265 Decuria

267 1296 425 1468 hictssirum
439 1296 606 1368 Parisiaca
620 1297 790 1368 desiderat
805 1318 894 1379 eum,
911 1296 969 1366 sed
980 1303 1100 1367 utrum
1111 1295 1268 1379 reperiat,

290 1419 315 1467 u
339 1398 411 1467 ium
425 1398 508 1468 est.’'

351 1515 400 1586 Ut
413 1537 487 1585 rem
500 1514 784 1599 comprehendam
796 1515 1060 1586 meditabundus
1074 1516 1176 1599 tacui,
1191 1522 1267 1586 tum

269 1615 458 1699 impatiens,

351 1713 503 1786 “Cuncta
518 1714 622 1798 haec,”
636 1715 786 1798 inquam,
802 1714 904 1786 “satis
919 1716 1018 1785 clara
1040 1715 1138 1798 Arca,
1163 1722 1204 1786 ut
1217 1737 1268 1784 as

267 1813 359 1898 seris,
382 1815 582 1885 commutari
607 1821 741 1899 poterat
769 1851 810 1860 -
839 1821 959 1885 necte
982 1815 1055 1885 falli
1069 1822 1154 1898 puto
1169 1851 1210 1860 -
1232 1821 1268 1884 at

267 1915 332 1984 ista
347 1915 461 1984 omnia
475 1915 518 1984 ad
530 1917 661 1984 exitum
677 1937 745 1985 non
761 1914 899 1984 ducunt.
932 1916 1080 1986 Cumam
1097 1915 1163 1984 illae
1177 1936 1267 1984 com-

268 2015 514 2086 mutabantur?
536 2016 705 2097 Quidnam
721 2015 809 2085 circa
832 2017 924 2086 illam
949 2037 1062 2085 arcam
1087 2015 1193 2085 Boule
1215 2022 1268 2084 est

267 2120 307 2184 ut
321 2114 385 2185 iste
400 2116 538 2198 ignotus
553 2115 680 2186 caedem
696 2115 769 2184 eius
783 2119 885 2185 causa
900 2115 1113 2185 committere
1128 2136 1196 2184 non
1207 2113 1268 2184 du·

266 2214 377 2285 bitet?
417 2216 511 2286 Num
537 2217 592 2286 ille
615 2223 714 2299 putat
737 2215 867 2286 litteras
889 2237 947 2286 eas
971 2237 1079 2299 usque
1105 2215 1198 2284 intus
1224 2215 1270 2284 la-

267 2314 382 2385 tere?''

350 2431 404 2503 “N
406 2453 472 2503 unc
487 2432 555 2503 iam
571 2433 730 2516 intelligit
744 2455 802 2503 eas
810 2455 878 2502 non
894 2433 940 2502 ibi
955 2433 1055 2502 celari
1066 2469 1108 2478 -
1123 2440 1164 2503 tu
1175 2432 1266 2501 enim

266 2532 312 2601 illi
327 2533 528 2616 patefecisti.
550 2533 662 2603 Antea
686 2533 728 2603 de
754 2533 876 2602 litteris
896 2533 979 2602 nihil
1005 2533 1153 2602 habebat
1178 2555 1268 2602 com·

266 2633 362 2716 perti.
379 2633 469 2703 Nam
486 2633 514 2704 si
528 2633 691 2716 scivisset,
706 2655 764 2704 eas
778 2640 858 2703 ante
883 2635 1022 2705 missam
1048 2656 1162 2704 arcam
1189 2655 1265 2702 exe·

266 2733 414 2803 misset.”

349 2849 460 2934 “Quid
488 2871 571 2934 ergo
599 2857 652 2920 est
661 2850 697 2920 ?”
734 2871 859 2932 quaero.
896 2849 1030 2934 “Atque
1067 2848 1266 2933 praeprimis,

266 2948 427 3032 comen
443 2949 524 3033 quid
540 2951 604 3020 iste
619 2949 790 3020 scordalus
804 2949 978 3021 delitescat
994 2951 1085 3020 domi
1108 2950 1266 3030 Vantine,

265 3049 417 3132 duosque
446 3051 601 3121 homines
633 3051 786 3120 occidat?
807 3052 862 3121 An
878 3051 933 3120 isti
957 3051 988 3120 ei
1009 3051 1044 3120 in
1069 3071 1148 3120 arca
1171 3070 1267 3118 occu-

266 3156 348 3232 pato
363 3157 637 3235 supervenerunt
645 3151 682 3220 ?”

349 3265 474 3338 “Nulla
489 3269 576 3339 ratio
591 3269 675 3338 mihi
692 3269 813 3339 suadet
827 3290 907 3338 eum
923 3290 1074 3351 unquam
1096 3267 1194 3336 intra
1209 3266 1267 3337 du·

266 3389 363 3437 mum
378 3369 525 3438 Vantine
551 3369 688 3451 fuisse,”
714 3368 878 3438 immotus
903 3369 951 3438 ait
977 3368 1145 3450 Godfrey;
1182 3366 1265 3438 “hoc

265 3474 327 3549 est,
343 3489 451 3550 usque
465 3490 506 3538 eo
520 3467 602 3539 dum
619 3475 657 3538 tu
673 3467 744 3552 ipse
760 3489 839 3538 eum
852 3469 930 3539 illuc
940 3468 1004 3538 hoc
1013 3467 1264 3551 postmeridiem

264 3567 458 3637 induxisti.”

348 3681 416 3754 “At
431 3683 612 3767 Godfrey‚”
627 3683 770 3754 obverto
783 3705 857 3767 ego,
874 3682 960 3754 “ista
985 3705 1123 3767 prorsus
1148 3684 1265 3753 absur-

265 3783 309 3854 da
324 3790 414 3854 sunt.
423 3784 569 3863 Onortet
584 3806 663 3854 eum
678 3785 821 3854 intrasse
835 3782 988 3865 domum,
1004 3785 1062 3866 qui
1077 3783 1168 3853 enim
1183 3783 1265 3853 alias

265 3891 400 3966 poterat
415 3885 563 3954 Vantine
578 3890 613 3953 et
629 3884 759 3954 Drouet
773 3884 924 3954 occidere
933 3883 970 3954 ?''

349 3999 533 4085 “Quisnam
548 4001 668 4070 asserit
682 4001 774 4071 hunc
788 4023 847 4070 eos
861 4000 1020 4070 occidisse
1028 4000 1065 4070 ?”

348 4099 402 4171 “Si
417 4101 488 4184 ipse
503 4123 561 4170 eos
575 4123 644 4170 non
659 4101 788 4184 occidit,
804 4101 962 4183 quisnam
978 4100 1011 4170 id
1025 4101 1153 4170 fecit?’'

347 4201 499 4288 Gomrey
521 4200 618 4271 binos
639 4208 823 4287 ternosque
847 4201 992 4274 haustus
1015 4201 1104 4273 fumi
1134 4201 1263 4274 efflavit
