3554 5156
421 867 485 936 122
686 879 896 936 mmmm
916 880 1024 936 ΑΜ
1044 876 1163 938 ΒουιΕ

419 1049 614 1134 oportebat;
642 1049 721 1120 hinc
744 1071 824 1120 eum
848 1049 968 1134 spiritu
997 1071 1160 1134 suspenso
1183 1050 1420 1135 prosequebar.

418 1149 528 1220 Semel
543 1149 722 1220 dumtaxat
735 1149 969 1220 existimabam
984 1171 1065 1220 eum
1079 1151 1242 1234 reperisse
1256 1150 1419 1232 forulum,

418 1249 583 1334 particula
597 1249 687 1319 enim
701 1249 807 1320 crusti
829 1249 968 1320 alatere
990 1271 1078 1320 arcae
1100 1249 1284 1335 paucillum
1306 1249 1421 1334 digitis

417 1349 536 1420 oedere
550 1348 749 1432 videbatur;
763 1347 896 1419 nullum
911 1356 1027 1420 tamen
1041 1350 1212 1420 occultum
1222 1349 1420 1434 choragium

418 1455 640 1520 attrectatum
654 1456 724 1531 est;
745 1448 861 1519 nullus
875 1449 1010 1520 tomlus
1022 1449 1155 1533 promit
1169 1457 1325 1533 apertus;
1346 1449 1421 1519 nul-

417 1549 444 1618 li
461 1549 581 1620 dentes
595 1548 754 1619 venenati
768 1556 1008 1633 promperunt.

502 1663 640 1748 “Hem”
664 1665 761 1735 tatur
783 1664 939 1760 denique,
953 1665 1103 1750 Godfrey
1126 1665 1275 1736 residens
1297 1665 1332 1735 in
1356 1687 1420 1736 sua

417 1765 507 1848 sella,
521 1765 740 1848 frontemque
752 1764 878 1835 iterum
893 1765 1061 1848 tersitans,
1077 1765 1233 1835 “tantum
1244 1765 1360 1848 itaque
1370 1765 1421 1834 ef·

417 1865 493 1935 feci.
515 1864 549 1936 Si
565 1864 656 1934 ullus
669 1863 704 1933 in
719 1863 788 1934 ima
801 1885 880 1934 arca
893 1863 1027 1934 torulus
1041 1865 1195 1935 occultus
1208 1873 1270 1948 est,
1284 1865 1313 1935 is
1327 1871 1419 1934 certe

418 1964 643 2036 efficacissime
657 1971 710 2035 est
723 1963 868 2034 abditus.
894 1963 996 2034 Nune
1018 1965 1226 2048 superiorem
1249 1964 1421 2034 tentabo.’'

500 2097 584 2168 Pars
597 2117 685 2167 arcae
700 2095 851 2179 superior
864 2097 997 2167 ordines
1011 2097 1205 2168 continebat
1225 2097 1415 2168 forulorum

417 2197 598 2283 perseries,
610 2196 692 2267 ordo
707 2203 780 2266 erat
796 2217 898 2279 super
911 2196 1072 2280 ordinem,
1082 2219 1168 2280 quos
1176 2197 1352 2281 fastigium
1364 2197 1422 2266 tri-

417 2305 578 2382 quetrum
593 2295 781 2378 claudebat,
795 2296 893 2366 cuius
906 2303 1108 2380 tympanum
1123 2297 1356 2380 pulcherrimis
1369 2319 1423 2366 or.

416 2395 586 2468 namentis
599 2396 702 2466 aeneis
715 2395 855 2465 nitebat.
878 2395 1019 2466 Forulos
1032 2396 1094 2466 hos
1117 2397 1220 2466 ianua
1242 2396 1420 2466 claudebat

418 2498 564 2569 duarum
597 2495 786 2578 valvarum,
815 2495 850 2564 in
880 2495 991 2565 medio
1021 2496 1311 2580 convergentium,
1334 2517 1420 2579 quas

417 2619 504 2682 opus
516 2596 689 2666 musivum
703 2595 798 2666 miris
812 2595 1013 2679 ambagibus
1035 2595 1195 2666 decorum
1208 2597 1243 2665 in
1259 2603 1418 2666 ornatum

418 2697 568 2782 tegebat.

502 2811 557 2885 “Si
570 2812 706 2883 forulus
720 2812 874 2882 occultus
897 2813 1029 2896 uspiam
1044 2811 1099 2883 hic
1113 2812 1317 2896 delitescat,”
1332 2811 1419 2882 hari-

418 2915 530 2986 olatur
545 2913 706 2995 Goorrey,
722 2912 864 2983 “alicubi
879 2935 900 2983 a
913 2918 1012 2996 tergo
1033 2913 1233 2996 occultatur,
1248 2913 1339 2996 quod
1354 2913 1419 2982 illic

417 3014 565 3185 {fflgn
594 3012 732 3142 videtur
756 3034 829 3082 esse
857 3013 967 3082 inane.
989 3013 1036 3083 At
1059 3035 1141 3083 vero
1166 3012 1208 3082 de
1230 3013 1419 3098 detegenda

501 3229 633 3314 Digitos
645 3229 752 3314 igitur
766 3236 881 3300 crusto
895 3229 1020 3299 iterum
1043 3229 1198 3314 applicat,
1213 3237 1290 3300 tum
1305 3229 1419 3300 subita

416 3330 592 3414 perculsus
605 3328 817 3413 cogitatione,
832 3329 993 3413 parvulas
1013 3329 1141 3412 figuras
1155 3350 1268 3400 aeneas
1281 3329 1317 3398 in
1331 3336 1419 3413 tym.

416 3453 505 3516 pano
519 3437 640 3512 tentat,
662 3429 787 3512 reperit
807 3436 923 3500 tamen
946 3451 1004 3500 eas
1026 3429 1148 3500 solidas
1174 3436 1209 3500 et
1231 3429 1418 3500 immobiles

417 3551 490 3602 esse

501 3645 638 3718 “Unum
652 3652 767 3715 tamen
782 3651 914 3716 certum
929 3647 1011 3728 est‚”
1031 3647 1129 3717 fatur
1147 3646 1283 3729 iterum,
1307 3643 1418 3716 “tech-

417 3769 509 3830 nam,
530 3745 774 3830 qualiscunque
795 3767 836 3815 ea
856 3746 1063 3829 caeteroquin
1086 3746 1139 3828 sit,
1162 3745 1325 3816 eiusmodi
1346 3767 1419 3816 esse

416 3847 537 3918 indolis
550 3853 591 3917 ut
606 3867 686 3916 casu
700 3845 844 3915 inveniri
859 3881 901 3891 -
914 3845 967 3916 uti
980 3846 1085 3929 siquis
1098 3853 1201 3928 stans,
1223 3845 1317 3916 verbi
1341 3868 1419 3916 cau·

416 3969 464 4030 sa,
477 3947 569 4016 latus
583 3945 613 4016 ei
628 3945 782 4030 applicet,
796 3944 1003 4016 nullomodo
1018 3946 1131 4029 possit
1167 3946 1240 4016 Nec
1263 3945 1344 4016 satis
1364 3953 1417 4016 ast

416 4054 457 4118 ut
472 4046 670 4130 choragium
683 4051 819 4114 tanmm
834 4066 985 4128 premas;
1016 4045 1099 4128 quin
1121 4067 1257 4116 necesse
1279 4044 1417 4116 videtur

415 4167 488 4220 ωε
505 4144 625 4217 seriem
640 4144 791 4216 vectium
805 4151 898 4215 certo
926 4145 1044 4216 ordine
1068 4145 1206 4216 tractari
1227 4152 1264 4216 et
1286 4160 1418 4231 operari
