3536 5156
384 904 447 974 212
646 919 855 974 imsmnruu
875 919 984 974 anem
1006 915 1124 974 noum

386 1087 499 1158 minus
513 1087 585 1171 ipse
600 1087 761 1158 advenire
782 1095 905 1172 posset,
931 1111 1053 1172 meque
1083 1089 1145 1160 has
1169 1113 1224 1161 res
1247 1091 1388 1163 admini-

386 1187 532 1258 nistrare
546 1188 676 1259 iussit.''

470 1288 622 1372 Godfrey
636 1289 671 1359 in
686 1290 798 1359 lenem
813 1290 920 1359 risum
935 1291 1057 1373 erupit.

470 1387 606 1471 “Grady
621 1389 755 1460 Cannas
768 1411 848 1460 suas
861 1390 923 1460 sibi
938 1390 1132 1474 impendere
1159 1393 1263 1462 sentit
1277 1393 1305 1461 !''
1328 1395 1386 1464 ait.

387 1487 481 1558 “Nec
496 1488 607 1560 clades
632 1511 695 1560 sua
718 1491 818 1572 longe
844 1489 961 1560 abesse
987 1499 1094 1573 paret.
1117 1490 1183 1563 Sed
1198 1492 1250 1562 tui
1264 1495 1386 1576 gratia,

387 1587 588 1673 Simmonds
602 1589 737 1673 gaudeo
752 1627 794 1635 -
818 1591 979 1660 futurum
1002 1592 1111 1661 sentio
1134 1600 1175 1662 ut
1197 1615 1239 1662 ex
1265 1594 1387 1664 haere

388 1688 480 1759 haud
496 1712 618 1773 parum
633 1691 751 1773 gloriae
765 1691 799 1761 in
815 1698 850 1760 te
866 1689 1035 1760 redundet
1046 1691 1074 1760 !''

472 1787 660 1873 “Equidem
686 1791 829 1860 libenter
860 1791 981 1860 vellem
1009 1791 1177 1874 credere,”
1207 1793 1388 1876 respondet

387 1889 579 1960 Simmonds
593 1891 807 1974 fulgentibus
822 1912 884 1974 pro
906 1900 1080 1961 momento
1105 1894 1219 1963 oculis.
1242 1893 1388 1964 “Arcera

388 1989 482 2059 brevi
498 1990 637 2074 aderit,''
653 1991 838 2061 subiunxit.
861 1989 984 2060 “Nunc
1000 2013 1080 2060 vero
1104 1993 1237 2063 iuvabit
1261 1994 1389 2064 calceos

389 2096 523 2161 nostros
534 2091 685 2174 induere,
701 2101 737 2161 et
751 2093 786 2161 in
800 2091 1090 2174 contignationem
1106 2095 1315 2175 superiorem
1338 2117 1389 2164 re·

387 2190 470 2274 dire,
488 2191 671 2275 videreque
687 2199 805 2262 utrum
821 2192 904 2276 quid
925 2191 1122 2262 adiumento
1136 2192 1182 2262 illi
1197 2193 1326 2263 misello
1340 2217 1389 2265 es

388 2311 425 2361 se
440 2291 575 2374 possit.”

473 2390 588 2462 “Nihil
613 2391 800 2463 adiumenti
817 2393 863 2462 illi
878 2393 994 2463 afferri
1021 2415 1117 2477 posse
1142 2393 1319 2477 arbitror,''
1341 2397 1389 2466 ait

390 2491 540 2574 Godfrey
556 2492 754 2563 lassitudine
767 2494 945 2563 confectus
954 2515 962 2576 ;
986 2493 1065 2564 “sed
1082 2501 1196 2564 tamen
1211 2502 1329 2564 tutum
1350 2517 1390 2566 ac

390 2598 505 2662 ratum
519 2591 607 2663 duoo
620 2599 661 2663 ut
676 2614 756 2663 eum
771 2593 1003 2678 aspiciarnus‚”
1019 2594 1145 2677 quibus
1170 2594 1267 2664 dictis
1292 2595 1389 2665 nobis

390 2692 607 2762 in'ambitum
623 2693 869 2776 prodeuntibus
890 2695 1013 2776 praeiit.

473 2793 545 2862 Nec
570 2793 708 2863 memini
734 2794 840 2863 donoc
866 2793 1058 2864 Simmonds
1083 2794 1175 2877 loqui
1199 2795 1310 2878 coepit,
1333 2817 1389 2864 me

387 2892 626 2963 discalceatum
652 2915 734 2964 esse.
768 2895 888 2977 itaque
914 2895 1010 2964 iuxta
1039 2894 1189 2976 Godfrey
1204 2894 1329 2978 desedi,
1351 2917 1390 2965 ac

389 2993 553 3063 laboriose
568 2995 696 3064 calceos
710 3016 804 3064 meos
818 2994 947 3077 induxi,
973 3016 1042 3076 quo
1068 2995 1161 3064 facto
1185 3016 1265 3064 eum
1286 3003 1390 3078 atque

389 3093 581 3164 Simmonds
595 3095 723 3176 gradus
739 3094 959 3164 ascendentes
975 3093 1177 3164 subsecutus
1192 3116 1278 3164 sum.

474 3193 563 3278 Quid
579 3193 733 3277 Godfrey
747 3195 783 3263 in
805 3194 917 3264 animo
940 3195 1122 3264 volvitaret
1145 3195 1229 3264 scire
1254 3217 1309 3264 me
1331 3217 1391 3278 pu·

390 3294 523 3377 tabam;
538 3294 609 3378 ipse
625 3294 715 3364 enim
729 3294 790 3365 sibi
805 3294 888 3363 vitio
902 3295 1058 3363 vertebat
1073 3295 1160 3364 hanc
1172 3294 1388 3364 novissimam

390 3393 634 3475 calamitatem
656 3416 732 3464 eam
747 3415 782 3464 se
796 3394 984 3476 praevidere
999 3401 1034 3463 et
1059 3402 1214 3464 avertere
1240 3395 1388 3477 potuisse

390 3495 453 3565 sibi
468 3493 666 3576 dictitabat;
687 3517 767 3564 nam
784 3494 847 3564 sibi
862 3495 965 3563 moris
979 3499 1062 3575 erat,
1079 3494 1175 3564 sires
1197 3495 1232 3562 in
1259 3503 1390 3564 contra·

390 3595 480 3665 rium
494 3595 678 3664 currebant
692 3615 766 3664 sese
780 3595 917 3677 culpare
939 3601 1030 3662 —et
1046 3602 1122 3663 tum
1135 3594 1170 3662 in
1187 3615 1290 3664 causa
1315 3617 1388 3665 esse

389 3717 426 3764 se
451 3715 558 3778 quare
580 3693 747 3764 homicida
771 3694 833 3763 sibi
859 3695 955 3776 quasi
981 3717 999 3763 e
1025 3693 1183 3763 manibus
1198 3693 1387 3776 effugeret!

389 3795 535 3878 Fingere
550 3795 584 3864 in
599 3795 711 3864 animo
726 3795 808 3864 mihi
824 3801 976 3876 poteram
991 3815 1132 3876 gravem
1156 3793 1259 3862 animi
1283 3794 1389 3864 offen·

387 3895 526 3978 sionem,
541 3916 620 3978 quae
634 3915 731 3964 suam
745 3894 904 3965 fiduciam
919 3895 970 3964 sui
986 3893 1221 3964 concusserat!

472 3995 665 4066 Novissima
690 3994 828 4065 victima
853 3995 888 4063 in
914 3994 1067 4064 tabulato
1091 4000 1171 4063 ante
1191 3993 1330 4063 ianuam
1352 3995 1385 4064 in

387 4095 582 4166 cubiculum
596 4096 740 4166 interius
755 4097 946 4178 ducentem,
963 4094 1020 4164 ubi
1035 4099 1220 4175 corruerat,
1244 4095 1386 4165 iacebat.

386 4195 578 4269 Simmonds
592 4196 636 4266 ad
650 4197 837 4268 fenestram
852 4195 1001 4278 accessit,
1027 4195 1120 4265 foros
1143 4195 1314 4280 patefecit,
1336 4203 1386 4268 at-
