3554 5156
813 906 990 962 murum
1358 887 1401 959 87

486 1075 612 1146 Audivi
626 1075 758 1146 interea
772 1076 954 1159 strepitum
977 1074 1066 1144 circa
1090 1076 1288 1155 fenestram,
1316 1073 1399 1142 vidi-

403 1198 470 1261 que
486 1177 585 1247 simul
602 1176 710 1246 Parks
721 1178 913 1247 forulorum
938 1197 1047 1246 unum
1062 1176 1097 1245 in
1113 1178 1225 1246 locum
1248 1174 1402 1244 subleva-

402 1299 449 1347 re.
482 1276 605 1348 Statim
619 1285 655 1347 et
676 1299 749 1361 ego,
765 1277 907 1359 quadro¹
931 1277 1094 1346 fenestrae
1118 1277 1241 1358 levato,
1267 1274 1402 1358 pessula

403 1378 524 1462 gravia
548 1379 740 1448 forulorum
764 1379 800 1446 in
825 1377 968 1460 vaginas
993 1398 1071 1446 suas
1092 1375 1255 1460 impressi,
1271 1375 1401 1459 quadra

403 1479 521 1550 demisi
535 1486 639 1560 atque
654 1478 817 1548 obseravi.
834 1478 986 1560 Reliquae
1000 1498 1136 1560 quoque
1152 1477 1230 1547 duae
1239 1477 1403 1546 fenestrae

404 1581 476 1663 pari
491 1580 591 1649 modo
605 1579 729 1649 clausae
749 1584 841 1660 sunt,
866 1599 905 1647 ac
931 1584 1049 1661 postea
1074 1577 1233 1647 ultimum
1262 1577 1403 1647 circum-

403 1687 570 1764 spectans,
585 1679 712 1749 lumina
725 1678 867 1748 deverti.
890 1678 1063 1748 Fenestrae
1078 1699 1215 1761 quoque
1230 1677 1332 1746 antici
1346 1698 1405 1746 cu·

403 1781 505 1850 biculi
520 1779 563 1849 ad
578 1779 725 1849 eundem
740 1779 878 1848 modum
894 1779 1014 1848 forulis
1027 1778 1152 1847 obditae
1177 1785 1212 1847 et
1237 1777 1403 1846 obseratae

404 1887 495 1962 sunt,
510 1886 546 1949 et
560 1880 623 1949 hac
638 1883 720 1948 cura
734 1881 866 1948 solutus
879 1878 1046 1961 suspiravi
1066 1879 1165 1962 plane
1180 1877 1333 1948 conscius
1346 1899 1404 1946 ne

404 1981 530 2050 minem
544 1981 612 2049 iam
627 1980 681 2049 hic
695 1980 856 2049 invadere
872 2001 979 2062 posse.
1011 1979 1129 2060 Parks,
1145 1977 1301 2060 denique,
1322 1985 1403 2047 ante

405 2081 522 2151 unicas
534 2081 628 2150 fores
642 2081 787 2149 cubante
803 2081 914 2149 locum
929 2080 973 2148 ab
987 2079 1078 2148 omni
1105 2079 1259 2161 ingressu
1286 2085 1403 2148 tutum

405 2183 480 2250 iere
496 2181 652 2251 iudicavi.

488 2281 641 2365 Denique
657 2288 842 2364 antequam
857 2281 987 2350 lumina
1012 2281 1226 2350 deverteram
1240 2281 1283 2349 ad
1298 2287 1405 2348 statu·

405 2405 479 2451 ram
493 2383 527 2450 in
543 2383 671 2451 feretro
687 2382 808 2450 accessi
822 2388 1038 2464 prostratam,
1051 2381 1162 2450 levavi
1173 2383 1339 2462 velamen,
1355 2389 1404 2451 at-

406 2506 472 2566 que
487 2484 623 2552 vultum
639 2482 737 2551 amici
751 2483 817 2550 mei
832 2482 1000 2551 demortui
1016 2481 1177 2550 ultimum
1187 2482 1310 2562 aspexi.
1324 2483 1405 2552 Vul-

405 2590 463 2652 tus
477 2583 545 2652 iam
570 2604 638 2651 non
660 2582 804 2665 amplius
832 2582 901 2651 fuit
926 2581 1002 2650 fixis
1023 2582 1128 2650 oculis
1152 2582 1321 2664 terribilis
1345 2585 1404 2653 sed

406 2682 555 2767 placidus
570 2689 605 2752 et
619 2682 822 2765 tranquillus
836 2690 1013 2765 tamquam
1027 2682 1225 2751 dormientis
1240 2705 1337 2766 paene
1352 2705 1404 2752 re-

405 2784 533 2852 nidens.
566 2783 680 2851 Oculis
701 2783 905 2854 humectatis
930 2784 1101 2864 lanceque
1126 2790 1257 2851 arctata
1281 2783 1405 2852 faciem

405 2883 530 2952 iterum
544 2883 688 2964 contexi,
704 2883 832 2952 lumina
847 2883 999 2963 restinxi,
1022 2883 1242 2965 conclavique
1268 2885 1405 2954 excessi.

406 2984 514 3054 Parks
528 3006 659 3052 camam
675 2983 830 3052 baiulans
844 2983 879 3051 in
895 2983 1025 3051 ambitu
1051 3005 1105 3050 me
1127 2983 1295 3066 convenit,
1317 3007 1406 3053 eam-

407 3106 473 3168 que
489 3090 570 3152 ante
581 3085 673 3152 iores
688 3090 922 3153 transversum
937 3083 1122 3152 collocavit.

490 3183 608 3265 “Ecce,
624 3184 701 3266 sic,’'
723 3183 782 3266 ait,
804 3183 916 3252 “certe
939 3205 1039 3252 nemo
1061 3205 1115 3252 me
1130 3184 1234 3252 inscio
1248 3192 1283 3252 et
1297 3185 1405 3254 invito

405 3285 440 3354 in
456 3285 546 3354 istud
562 3286 719 3354 conclave
734 3284 905 3352 intrabit.'’

491 3385 655 3454 “Factum
671 3385 788 3467 bene,’'
804 3384 976 3466 respondi;
999 3392 1075 3453 tum
1090 3384 1277 3466 cogitatum
1293 3385 1406 3454 subito

407 3486 490 3555 mihi
505 3486 631 3554 incidit.
653 3483 778 3566 “Heus
794 3484 932 3567 Parks,”
949 3486 1100 3567 alloquor
1114 3507 1203 3567 eum,
1219 3483 1407 3554 “verumne

408 3593 459 3655 est
475 3586 529 3655 hic
545 3587 579 3654 in
594 3586 736 3668 singulis
751 3585 911 3655 fenestris
927 3585 1132 3655 suscitabula
1147 3584 1332 3667 praedonia²
1358 3607 1407 3655 es

409 3687 487 3758 sel-l„

509 3873 532 3923 1.
548 3868 711 3932 erodrum,
733 3869 765 3931 -a',
781 3871 825 3923 hic
840 3871 900 3930 loci,
912 3888 979 3936 opus
991 3871 1113 3936 ligneum
1125 3871 1254 3923 fenestrae
1267 3876 1317 3923 est.

508 3941 532 3990 2.
550 3937 772 3990 Sciscitabulrtm
785 3937 971 4004 praedoctum
989 3955 1056 3990 voco
1068 3943 1226 4004 apparatum
1240 3937 1406 4000 electricum,

408 4005 464 4071 qui,
475 4005 498 4056 si
511 4005 658 4071 praedoncs,
679 4006 849 4066 infractores,
863 4012 910 4057 aut
924 4006 1052 4072 quislibet
1072 4007 1112 4057 rei
1132 4005 1245 4069 ignarus
1264 4005 1408 4066 fenestras,

409 4073 453 4124 vel
466 4072 583 4132 ianuam,
597 4073 636 4123 ita
649 4073 782 4125 munitam
796 4079 917 4134 temeret,
938 4075 1051 4132 tinnitu,
1064 4075 1107 4123 vel
1121 4075 1250 4135 clangore
1267 4074 1350 4124 alacri
1369 4075 1408 4124 in-

409 4140 483 4191 colas
496 4146 599 4199 evocst,
614 4155 628 4190 e
642 4155 736 4191 somno
749 4139 885 4202 suscitat,
902 4147 929 4192 et
941 4141 1078 4192 decuriam
1104 4154 1210 4206 quoque
1227 4138 1353 4192 lictorum
1375 4141 1408 4192 si-

409 4207 468 4260 mili
486 4212 605 4272 strepore
622 4212 726 4260 evocat.
