3554 5156
430 866 493 934 112
690 881 900 936 mernerunt
921 882 1029 936 naon
1049 877 1168 937 sousa

429 1149 440 1217 l
475 1153 483 1192 1
511 1047 662 1217 Gidfiey
678 1049 784 1132 digito
799 1050 994 1132 pincernam
1009 1051 1160 1134 accersit,
1175 1051 1261 1134 petit
1282 1051 1427 1122 rationa-

441 1171 470 1230 e,
501 1170 538 1218 so
551 1148 611 1217 vit.

511 1264 633 1334 “Nunc
662 1288 755 1348 vero,
785 1289 859 1350 age,
889 1267 1113 1350 procedamus
1142 1267 1425 1352 inspiciamusque

426 1366 526 1435 istam
542 1367 685 1447 arcam,''
701 1367 821 1449 inquit,
838 1365 900 1436 “ut
920 1367 988 1436 fuit
1012 1368 1047 1436 in
1072 1368 1170 1436 votis.
1198 1369 1253 1438 Me
1277 1368 1426 1437 insanire

426 1465 573 1548 putabis,
602 1467 730 1548 Lester‚
754 1489 875 1535 verum
903 1489 946 1535 ne
974 1467 1056 1535 illud
1083 1468 1263 1536 remulcale
1288 1468 1426 1550 quidem

426 1565 528 1634 fidem
543 1587 664 1648 meam,
680 1568 851 1635 occultum
876 1568 970 1636 illurn
997 1568 1149 1637 forulum
1172 1568 1327 1649 existere,
1348 1590 1426 1637 con·

426 1665 564 1735 cussit.’'

509 1765 731 1850 “Caeteraque
749 1767 907 1836 omnia?”
921 1789 1048 1849 quaero.

510 1883 672 1953 “Prorsus
684 1885 827 1966 omnia‚”
840 1885 975 1952 tractim
988 1885 1179 1965 respondet.
1191 1885 1332 1954 Interim
1343 1884 1425 1954 dum

425 1982 515 2052 aedes
538 1984 686 2052 Vantine
712 1985 936 2066 attigeramus
961 1985 1093 2052 nullum
1115 1985 1257 2053 verbum
1273 1986 1425 2067 protulit.

425 2083 568 2152 Etorsis
583 2090 699 2152 tamen
716 2083 901 2166 superciliis
917 2085 998 2152 satis
1013 2085 1168 2166 perspexi
1194 2092 1322 2166 quanto
1347 2085 1424 2154 nisu

423 2190 604 2251 conaretur
618 2205 781 2252 arcanum
796 2184 870 2251 eius
884 2183 988 2251 foruli
1004 2184 1178 2265 explicare.

508 2299 665 2369 “Obsidio
679 2300 816 2369 videtur
832 2301 898 2368 iarn
924 2300 1064 2381 soluta,'’
1088 2301 1157 2369 dixi
1181 2323 1256 2383 ego,
1282 2301 1379 2370 nobis
1404 2323 1423 2370 e

423 2399 579 2468 vehiculo
594 2400 887 2468 descendentibus.

506 2497 663 2568 “Obsidio
674 2500 710 2568 ?”

506 2615 634 2685 “Parks
649 2616 731 2684 mihi
745 2639 805 2698 per
821 2618 1040 2699 telephonum
1056 2617 1237 2686 nuntiabat
1252 2625 1423 2687 consortes

423 2723 501 2784 tuos
515 2716 626 2785 locum
642 2717 733 2785 hunc
749 2717 926 2786 obsedisse.
952 2718 1025 2800 Ego
1049 2723 1164 2786 autern
1190 2718 1423 2787 obsidentibus

422 2815 649 2884 resistendum
663 2816 777 2884 iussi.”

502 2932 642 3001 “Miselli
657 2932 823 3001 iuvenci!'’
846 2933 894 3002 ait
909 2933 1096 3003 subridens.
1113 2931 1281 3016 “AEgrurn
1295 2934 1423 3016 cogita·

419 3039 527 3102 tuest
543 3032 604 3101 hos
618 3032 651 3101 id
668 3033 776 3102 solum
799 3033 883 3102 scire
898 3034 987 3116 quod
1004 3034 1118 3115 Grady
1134 3056 1192 3103 eos
1207 3034 1326 3103 docere
1348 3055 1422 3116 pos·

418 3131 463 3201 sit
473 3131 501 3200 !”
524 3131 585 3200 His
600 3132 698 3200 dictis
713 3132 755 3201 ad
770 3133 861 3201 aedes
875 3133 1014 3202 accessit
1031 3155 1155 3216 easque
1182 3133 1334 3216 undique
1359 3133 1421 3203 cir-

419 3231 619 3314 cumspexit.

507 3346 685 3431 “Quonam
700 3347 735 3417 in
751 3349 906 3419 cubiculo
921 3356 973 3419 est
989 3371 1067 3419 arca
1081 3349 1185 3420 sita?’'
1201 3349 1336 3432 quaerit.

502 3446 725 3518 “Cubiculum
750 3450 902 3519 anticum
927 3449 1002 3532 illic,
1026 3472 1047 3519 a
1070 3451 1157 3519 laevo
1180 3457 1242 3531 est,
1258 3449 1317 3518 ubi
1332 3449 1419 3520 duas

519 3668 542 3719 l.
560 3665 737 3728 Ratcbnalia
753 3682 789 3718 a:
803 3667 897 3733 lingua
911 3667 1042 3733 negotiali
1056 3669 1178 3720 Romand
1203 3665 1310 3719 lutera
1328 3665 1417 3718 ratio

418 3748 502 3802 aulea
515 3750 674 3816 significant
688 3751 776 3815 pretia
801 3767 891 3803 rerum
912 3752 1021 3816 scripta,
1047 3752 1111 3816 quia
1123 3749 1271 3802 rationem
1294 3748 1416 3801 reddere

417 3840 458 3886 est
471 3833 592 3886 numeris
605 3833 746 3886 ostendere
758 3834 823 3900 quid
835 3851 948 3900 quaeque
960 3851 1004 3886 res
1015 3835 1115 3896 valeat,
1128 3841 1176 3886 aut
1188 3834 1253 3900 quid
1267 3840 1358 3885 actum
1371 3834 1415 3884 vel

416 3923 523 3982 gestum
542 3917 594 3978 sit;
611 3915 800 3968 rationarius
812 3917 904 3983 itaque
916 3923 957 3969 est
970 3918 1067 3978 scriba,
1093 3917 1140 3984 qui
1161 3923 1286 3982 sumptus
1310 3932 1417 3981 compu-

415 4007 464 4062 tat;
478 4000 585 4060 litterae,
598 3999 700 4051 chartae
713 3999 741 4051 in
753 4000 851 4065 quibus
863 4006 993 4065 sumptus,
1011 4001 1134 4065 erogatio
1158 4000 1288 4064 pecuniae,
1313 4005 1361 4051 aut
1376 3999 1419 4050 de·

413 4085 471 4136 bita
485 4083 605 4135 numeris
618 4083 805 4147 exprimuntur
822 4082 994 4146 rationales,
1015 4085 1067 4144 vel,
1080 4099 1128 4148 per
1141 4083 1352 4144 substantivum,
1366 4097 1417 4134 ra·

414 4165 540 4221 timialia
551 4167 674 4220 audiunt.
