3502 5158
804 1891 954 1963 CAPUT
975 1891 1023 1962 IV

832 2078 991 2148 Fialmm

458 2235 466 2253 ⁶
496 2263 604 2334 HoRA
623 2261 757 2334 circiter
771 2267 894 2332 octava
907 2260 1046 2331 demum
1061 2261 1177 2333 evenit
1197 2271 1238 2333 ut
1261 2263 1414 2348 Godirey

413 2366 552 2435 ianuam
566 2385 678 2434 meam
703 2362 824 2432 leniter
849 2362 1010 2445 pulsaret,
1033 2369 1068 2432 et
1083 2385 1191 2445 quum
1214 2385 1294 2434 eum
1310 2365 1414 2435 admi·

414 2465 531 2534 sissem
546 2485 565 2533 e
579 2463 783 2533 micantibus
805 2461 879 2531 eius
901 2462 1006 2532 oculis
1029 2462 1130 2533 facile
1145 2462 1305 2534 hariolari
1319 2472 1415 2548 pote·

414 2588 489 2635 ram
504 2586 584 2634 eum
599 2563 757 2646 quaedam
772 2583 862 2632 nova
876 2561 1040 2632 attulisse.

497 2663 586 2734 “Diu
601 2663 694 2733 haud
709 2685 797 2746 queo
810 2662 967 2744 morari‚'’
983 2665 1079 2732 fatur
1094 2663 1175 2746 ipse.
1213 2662 1413 2748 “Oportebit

416 2765 517 2835 mein
532 2763 700 2834 officinam
711 2784 902 2846 properare,
916 2785 1074 2845 novaque
1084 2764 1270 2847 perscripta
1280 2787 1416 2848 parum·

417 2885 480 2948 per
494 2862 672 2947 expolire?
694 2863 858 2932 Attamen
873 2863 1126 2932 convolvulum¹
1142 2885 1164 2933 a
1177 2885 1232 2934 me
1247 2866 1417 2948 prolatum

418 2986 487 3034 non
502 2962 683 3046 recusavit,
699 2964 879 3046 locumque
893 2961 929 3032 in
943 2963 1103 3033 mtisellio
1129 2986 1148 3034 e
1174 2964 1312 3048 regione
1333 2965 1416 3036 mihi

421 3062 610 3146 occupavit.

499 3162 646 3232 Habitus
662 3161 812 3244 Godfrey
834 3161 925 3245 novi,
948 3162 1066 3246 itaque
1091 3185 1221 3234 moram
1247 3165 1417 3248 patienter

415 3263 478 3333 tuli
504 3263 586 3333 dum
611 3262 853 3333 convolvulum
878 3263 982 3345 probe
1007 3285 1188 3333 accensum
1201 3263 1417 3348 adaptatum-

421 3385 488 3447 que
503 3363 603 3445 sensi,
618 3370 694 3432 tum
708 3398 750 3408 ·—

504 3461 617 3546 “Ergo
627 3462 664 3532 ?'’
680 3483 797 3545 quaero
812 3483 904 3532 eum.

501 3562 645 3632 “Nonne
653 3584 755 3644 nunc,
763 3561 816 3631 uti
825 3562 914 3644 olim,
930 3563 977 3632 mi
992 3563 1157 3634 Lester?''
1176 3565 1255 3636 etin
1265 3567 1419 3640 mereni-

417 3662 529 3732 debat
543 3659 785 3745 “Quotiesnam
800 3661 864 3732 hoc
879 3663 913 3731 in
927 3662 1083 3734 cubiculo
1097 3663 1141 3734 ad
1154 3667 1418 3737 consultandum

417 3761 663 3832 convenimus?
686 3761 777 3846 Quot
793 3763 1074 3834 convolvulorum
1096 3765 1263 3835 iacturam
1287 3767 1348 3837 tibi
1369 3767 1419 3837 in·

420 3861 529 3931 tuli?”

522 4047 546 4098 1.
566 4041 772 4109 Convoloulue,
788 4050 887 4111 prater
898 4061 1008 4099 sensum
1030 4052 1191 4100 consuetum
1213 4049 1284 4115 apud
1306 4049 1420 4104 latinos

419 4128 565 4182 modernos
588 4127 758 4182 nicotianam
784 4127 925 4194 significat
949 4129 979 4182 in
1005 4131 1116 4184 modurn
1138 4131 1219 4198 digiti
1233 4133 1418 4198 convolutam,

419 4212 498 4266 cuius
510 4212 619 4266 accensi
630 4211 738 4266 fumum
750 4212 915 4280 exsugimus,
928 4213 987 4267 sive
997 4211 1166 4280 fiammae.
