<?xml version="1.0" encoding="UTF-8"?>
<!DOCTYPE html PUBLIC "-//W3C//DTD XHTML 1.0 Transitional//EN"
    "http://www.w3.org/TR/xhtml1/DTD/xhtml1-transitional.dtd">
<html xmlns="http://www.w3.org/1999/xhtml" xml:lang="en" lang="en">
 <head>
  <title>
</title>
<meta http-equiv="Content-Type" content="text/html;charset=utf-8" />
  <meta name='ocr-system' content='tesseract 3.04.00' />
  <meta name='ocr-capabilities' content='ocr_page ocr_carea ocr_par ocr_line ocrx_word'/>
</head>
<body>
  <div class='ocr_page' id='page_1' title='image "./mysteriumarcbou00mogygoog/mysteriumarcbou00mogygoog_0178.png"; bbox 0 0 3536 5156; ppageno 0'>
   <div class='ocr_carea' id='block_1_1' title="bbox 594 871 1377 943">
    <p class='ocr_par' dir='ltr' id='par_1_1' title="bbox 594 871 1377 943">
     <span class='ocr_line' id='line_1_1' title="bbox 594 871 1377 943; baseline 0 -1"><span class='ocrx_word' id='word_1_1' title='bbox 594 887 746 942; x_wconf 72' lang='lat' dir='ltr'><strong>rinnon</strong></span> <span class='ocrx_word' id='word_1_2' title='bbox 766 887 927 942; x_wconf 76' lang='lat' dir='ltr'><strong>vaurum</strong></span> <span class='ocrx_word' id='word_1_3' title='bbox 948 886 1162 943; x_wconf 77' lang='lat' dir='ltr'><strong>sxrurxrou</strong></span> <span class='ocrx_word' id='word_1_4' title='bbox 1313 871 1377 942; x_wconf 87' lang='grc'><strong>163</strong></span> 
     </span>
    </p>
   </div>
   <div class='ocr_carea' id='block_1_2' title="bbox 379 1054 1382 2241">
    <p class='ocr_par' dir='ltr' id='par_1_2' title="bbox 379 1054 1382 2241">
     <span class='ocr_line' id='line_1_2' title="bbox 380 1054 1378 1139; baseline -0.003 -13"><span class='ocrx_word' id='word_1_5' title='bbox 380 1057 585 1128; x_wconf 87' lang='lat' dir='ltr'>Parisiorum</span> <span class='ocrx_word' id='word_1_6' title='bbox 610 1054 751 1139; x_wconf 87' lang='lat' dir='ltr'><strong>abrepta</strong></span> <span class='ocrx_word' id='word_1_7' title='bbox 776 1057 862 1138; x_wconf 84' lang='lat' dir='ltr'><strong>tuit;</strong></span> <span class='ocrx_word' id='word_1_8' title='bbox 895 1078 957 1125; x_wconf 92' lang='lat' dir='ltr'><strong>nec</strong></span> <span class='ocrx_word' id='word_1_9' title='bbox 983 1063 1128 1138; x_wconf 87' lang='lat' dir='ltr'><strong>praetera</strong></span> <span class='ocrx_word' id='word_1_10' title='bbox 1150 1054 1378 1124; x_wconf 89' lang='lat' dir='ltr'><strong>dubitandum</strong></span> 
     </span>
     <span class='ocr_line' id='line_1_3' title="bbox 381 1155 1379 1239; baseline -0.004 -12"><span class='ocrx_word' id='word_1_11' title='bbox 381 1158 501 1227; x_wconf 90' lang='lat' dir='ltr'><strong>Iuliam</strong></span> <span class='ocrx_word' id='word_1_12' title='bbox 515 1158 597 1226; x_wconf 88' lang='lat' dir='ltr'><strong>vitae</strong></span> <span class='ocrx_word' id='word_1_13' title='bbox 612 1178 690 1226; x_wconf 91' lang='lat' dir='ltr'><strong>cum</strong></span> <span class='ocrx_word' id='word_1_14' title='bbox 707 1157 835 1239; x_wconf 84' lang='lat' dir='ltr'><strong>Rogers</strong></span> <span class='ocrx_word' id='word_1_15' title='bbox 859 1157 1029 1239; x_wconf 74' lang='lat' dir='ltr'><strong>nuptialis</strong></span> <span class='ocrx_word' id='word_1_16' title='bbox 1045 1155 1154 1238; x_wconf 91' lang='lat' dir='ltr'><strong>poesis</strong></span> <span class='ocrx_word' id='word_1_17' title='bbox 1169 1177 1307 1238; x_wconf 90' lang='lat' dir='ltr'><strong>prorsus</strong></span> <span class='ocrx_word' id='word_1_18' title='bbox 1321 1177 1379 1224; x_wconf 89' lang='lat' dir='ltr'><strong>va·</strong></span> 
     </span>
     <span class='ocr_line' id='line_1_4' title="bbox 380 1254 1379 1340; baseline -0.004 -14"><span class='ocrx_word' id='word_1_19' title='bbox 380 1279 464 1340; x_wconf 83' lang='lat' dir='ltr'><strong>cuae,</strong></span> <span class='ocrx_word' id='word_1_20' title='bbox 478 1257 661 1327; x_wconf 84' lang='lat' dir='ltr'><strong>admodum</strong></span> <span class='ocrx_word' id='word_1_21' title='bbox 677 1263 856 1340; x_wconf 85' lang='lat' dir='ltr'><strong>partaesam</strong></span> <span class='ocrx_word' id='word_1_22' title='bbox 871 1257 996 1337; x_wconf 77' lang='lat' dir='ltr'><strong>fuisse3</strong></span> <span class='ocrx_word' id='word_1_23' title='bbox 1018 1263 1053 1325; x_wconf 91' lang='lat' dir='ltr'><strong>et</strong></span> <span class='ocrx_word' id='word_1_24' title='bbox 1068 1255 1111 1324; x_wconf 94' lang='lat' dir='ltr'><strong>ob</strong></span> <span class='ocrx_word' id='word_1_25' title='bbox 1126 1255 1160 1324; x_wconf 92' lang='lat' dir='ltr'><strong>id</strong></span> <span class='ocrx_word' id='word_1_26' title='bbox 1183 1255 1218 1323; x_wconf 92' lang='lat' dir='ltr'><strong>in</strong></span> <span class='ocrx_word' id='word_1_27' title='bbox 1245 1254 1379 1324; x_wconf 85' lang='lat' dir='ltr'><strong>Franci·</strong></span> 
     </span>
     <span class='ocr_line' id='line_1_5' title="bbox 380 1355 1380 1440; baseline -0.004 -14"><span class='ocrx_word' id='word_1_28' title='bbox 380 1378 436 1426; x_wconf 89' lang='lat' dir='ltr'><strong>am</strong></span> <span class='ocrx_word' id='word_1_29' title='bbox 461 1356 648 1440; x_wconf 79' lang='lat' dir='ltr'><strong>aufugisse.</strong></span> <span class='ocrx_word' id='word_1_30' title='bbox 679 1358 808 1439; x_wconf 85' lang='lat' dir='ltr'><strong>Rogers</strong></span> <span class='ocrx_word' id='word_1_31' title='bbox 822 1355 970 1440; x_wconf 89' lang='lat' dir='ltr'><strong>primum</strong></span> <span class='ocrx_word' id='word_1_32' title='bbox 985 1355 1048 1425; x_wconf 91' lang='lat' dir='ltr'><strong>sibi</strong></span> <span class='ocrx_word' id='word_1_33' title='bbox 1063 1377 1139 1424; x_wconf 83' lang='lat' dir='ltr'><strong>eam</strong></span> <span class='ocrx_word' id='word_1_34' title='bbox 1162 1355 1257 1436; x_wconf 90' lang='lat' dir='ltr'><strong>sequi</strong></span> <span class='ocrx_word' id='word_1_35' title='bbox 1283 1375 1380 1436; x_wconf 92' lang='lat' dir='ltr'><strong>opor-</strong></span> 
     </span>
     <span class='ocr_line' id='line_1_6' title="bbox 381 1455 1381 1541; baseline -0.005 -14"><span class='ocrx_word' id='word_1_36' title='bbox 381 1464 453 1527; x_wconf 89' lang='lat' dir='ltr'><strong>tere</strong></span> <span class='ocrx_word' id='word_1_37' title='bbox 469 1457 653 1541; x_wconf 74' lang='lat' dir='ltr'><strong>persuasit,</strong></span> <span class='ocrx_word' id='word_1_38' title='bbox 675 1463 712 1527; x_wconf 87' lang='lat' dir='ltr'><strong>at</strong></span> <span class='ocrx_word' id='word_1_39' title='bbox 737 1478 816 1526; x_wconf 91' lang='lat' dir='ltr'><strong>mox</strong></span> <span class='ocrx_word' id='word_1_40' title='bbox 840 1479 862 1525; x_wconf 92' lang='lat' dir='ltr'><strong>a</strong></span> <span class='ocrx_word' id='word_1_41' title='bbox 884 1463 995 1540; x_wconf 91' lang='lat' dir='ltr'><strong>coepto</strong></span> <span class='ocrx_word' id='word_1_42' title='bbox 1018 1477 1093 1524; x_wconf 85' lang='lat' dir='ltr'><strong>eam</strong></span> <span class='ocrx_word' id='word_1_43' title='bbox 1109 1455 1244 1524; x_wconf 88' lang='lat' dir='ltr'><strong>Parisiis</strong></span> <span class='ocrx_word' id='word_1_44' title='bbox 1259 1455 1381 1537; x_wconf 91' lang='lat' dir='ltr'><strong>reperi-</strong></span> 
     </span>
     <span class='ocr_line' id='line_1_7' title="bbox 382 1556 1382 1640; baseline -0.001 -13"><span class='ocrx_word' id='word_1_45' title='bbox 382 1558 470 1640; x_wconf 88' lang='lat' dir='ltr'><strong>endi,</strong></span> <span class='ocrx_word' id='word_1_46' title='bbox 485 1579 548 1627; x_wconf 90' lang='lat' dir='ltr'><strong>nec</strong></span> <span class='ocrx_word' id='word_1_47' title='bbox 563 1564 677 1626; x_wconf 90' lang='lat' dir='ltr'><strong>certus</strong></span> <span class='ocrx_word' id='word_1_48' title='bbox 692 1557 774 1639; x_wconf 94' lang='lat' dir='ltr'><strong>quid</strong></span> <span class='ocrx_word' id='word_1_49' title='bbox 788 1563 825 1627; x_wconf 91' lang='lat' dir='ltr'><strong>et</strong></span> <span class='ocrx_word' id='word_1_50' title='bbox 839 1557 867 1626; x_wconf 91' lang='lat' dir='ltr'><strong>si</strong></span> <span class='ocrx_word' id='word_1_51' title='bbox 882 1557 1045 1640; x_wconf 89' lang='lat' dir='ltr'><strong>reperiret</strong></span> <span class='ocrx_word' id='word_1_52' title='bbox 1070 1577 1145 1625; x_wconf 88' lang='lat' dir='ltr'><strong>eam</strong></span> <span class='ocrx_word' id='word_1_53' title='bbox 1160 1556 1318 1625; x_wconf 81' lang='lat' dir='ltr'><strong>facturus</strong></span> <span class='ocrx_word' id='word_1_54' title='bbox 1333 1578 1382 1626; x_wconf 91' lang='lat' dir='ltr'><strong>es-</strong></span> 
     </span>
     <span class='ocr_line' id='line_1_8' title="bbox 381 1656 1382 1740; baseline -0.002 -12"><span class='ocrx_word' id='word_1_55' title='bbox 381 1665 443 1740; x_wconf 89' lang='lat' dir='ltr'><strong>set,</strong></span> <span class='ocrx_word' id='word_1_56' title='bbox 458 1657 598 1738; x_wconf 88' lang='lat' dir='ltr'><strong>destitit,</strong></span> <span class='ocrx_word' id='word_1_57' title='bbox 614 1657 687 1726; x_wconf 83' lang='lat' dir='ltr'><strong>tato</strong></span> <span class='ocrx_word' id='word_1_58' title='bbox 703 1678 764 1726; x_wconf 89' lang='lat' dir='ltr'><strong>suo</strong></span> <span class='ocrx_word' id='word_1_59' title='bbox 779 1678 854 1726; x_wconf 90' lang='lat' dir='ltr'><strong>eam</strong></span> <span class='ocrx_word' id='word_1_60' title='bbox 876 1656 1022 1739; x_wconf 90' lang='lat' dir='ltr'><strong>reliquit,</strong></span> <span class='ocrx_word' id='word_1_61' title='bbox 1044 1663 1254 1738; x_wconf 89' lang='lat' dir='ltr'><strong>moestusque</strong></span> <span class='ocrx_word' id='word_1_62' title='bbox 1276 1677 1311 1725; x_wconf 93' lang='lat' dir='ltr'><strong>se</strong></span> <span class='ocrx_word' id='word_1_63' title='bbox 1333 1656 1382 1726; x_wconf 93' lang='lat' dir='ltr'><strong>vi-</strong></span> 
     </span>
     <span class='ocr_line' id='line_1_9' title="bbox 381 1755 1382 1839; baseline -0.003 -11"><span class='ocrx_word' id='word_1_64' title='bbox 381 1764 427 1828; x_wconf 85' lang='lat' dir='ltr'><strong>tae</strong></span> <span class='ocrx_word' id='word_1_65' title='bbox 441 1756 558 1826; x_wconf 89' lang='lat' dir='ltr'><strong>officiis</strong></span> <span class='ocrx_word' id='word_1_66' title='bbox 572 1756 734 1826; x_wconf 73' lang='lat' dir='ltr'><strong>memoria</strong></span> <span class='ocrx_word' id='word_1_67' title='bbox 759 1757 833 1826; x_wconf 91' lang='lat' dir='ltr'><strong>eius</strong></span> <span class='ocrx_word' id='word_1_68' title='bbox 857 1759 1003 1839; x_wconf 69' lang='lat' dir='ltr'><strong>servate,</strong></span> <span class='ocrx_word' id='word_1_69' title='bbox 1029 1779 1065 1826; x_wconf 92' lang='lat' dir='ltr'><strong>se</strong></span> <span class='ocrx_word' id='word_1_70' title='bbox 1090 1756 1243 1826; x_wconf 84' lang='lat' dir='ltr'><strong>accinxit.</strong></span> <span class='ocrx_word' id='word_1_71' title='bbox 1266 1755 1382 1827; x_wconf 86' lang='lat' dir='ltr'><strong>Genus</strong></span> 
     </span>
     <span class='ocr_line' id='line_1_10' title="bbox 381 1855 1382 1940; baseline -0.002 -12"><span class='ocrx_word' id='word_1_72' title='bbox 381 1857 569 1928; x_wconf 84' lang='lat' dir='ltr'><strong>affectionis</strong></span> <span class='ocrx_word' id='word_1_73' title='bbox 584 1879 666 1939; x_wconf 83' lang='lat' dir='ltr'><strong>erga</strong></span> <span class='ocrx_word' id='word_1_74' title='bbox 681 1879 755 1926; x_wconf 83' lang='lat' dir='ltr'><strong>eam</strong></span> <span class='ocrx_word' id='word_1_75' title='bbox 770 1858 856 1926; x_wconf 89' lang='lat' dir='ltr'><strong>clam</strong></span> <span class='ocrx_word' id='word_1_76' title='bbox 871 1856 906 1926; x_wconf 91' lang='lat' dir='ltr'><strong>in</strong></span> <span class='ocrx_word' id='word_1_77' title='bbox 921 1855 1033 1925; x_wconf 88' lang='lat' dir='ltr'><strong>animo</strong></span> <span class='ocrx_word' id='word_1_78' title='bbox 1055 1878 1164 1939; x_wconf 91' lang='lat' dir='ltr'><strong>usque</strong></span> <span class='ocrx_word' id='word_1_79' title='bbox 1186 1857 1382 1940; x_wconf 89' lang='lat' dir='ltr'><strong>superstita·</strong></span> 
     </span>
     <span class='ocr_line' id='line_1_11' title="bbox 379 1955 1379 2040; baseline -0.004 -10"><span class='ocrx_word' id='word_1_80' title='bbox 379 1960 448 2040; x_wconf 86' lang='lat' dir='ltr'><strong>bat,</strong></span> <span class='ocrx_word' id='word_1_81' title='bbox 463 1965 499 2028; x_wconf 89' lang='lat' dir='ltr'><strong>et</strong></span> <span class='ocrx_word' id='word_1_82' title='bbox 513 1978 621 2040; x_wconf 92' lang='lat' dir='ltr'><strong>quum</strong></span> <span class='ocrx_word' id='word_1_83' title='bbox 636 1957 761 2026; x_wconf 91' lang='lat' dir='ltr'><strong>ostium</strong></span> <span class='ocrx_word' id='word_1_84' title='bbox 776 1956 902 2026; x_wconf 88' lang='lat' dir='ltr'><strong>aedium</strong></span> <span class='ocrx_word' id='word_1_85' title='bbox 919 1956 1066 2026; x_wconf 89' lang='lat' dir='ltr'><strong>Vantine</strong></span> <span class='ocrx_word' id='word_1_86' title='bbox 1087 1955 1239 2040; x_wconf 89' lang='lat' dir='ltr'><strong>pandens</strong></span> <span class='ocrx_word' id='word_1_87' title='bbox 1253 1979 1329 2026; x_wconf 83' lang='lat' dir='ltr'><strong>eam</strong></span> <span class='ocrx_word' id='word_1_88' title='bbox 1344 1958 1379 2026; x_wconf 92' lang='lat' dir='ltr'><strong>in</strong></span> 
     </span>
     <span class='ocr_line' id='line_1_12' title="bbox 380 2055 1380 2140; baseline -0.001 -12"><span class='ocrx_word' id='word_1_89' title='bbox 380 2058 493 2128; x_wconf 91' lang='lat' dir='ltr'><strong>limine</strong></span> <span class='ocrx_word' id='word_1_90' title='bbox 519 2057 754 2140; x_wconf 82' lang='lat' dir='ltr'><strong>conspexisset,</strong></span> <span class='ocrx_word' id='word_1_91' title='bbox 781 2078 816 2126; x_wconf 91' lang='lat' dir='ltr'><strong>se</strong></span> <span class='ocrx_word' id='word_1_92' title='bbox 842 2063 1018 2138; x_wconf 87' lang='lat' dir='ltr'><strong>tamquam</strong></span> <span class='ocrx_word' id='word_1_93' title='bbox 1044 2077 1156 2125; x_wconf 91' lang='lat' dir='ltr'><strong>ceram</strong></span> <span class='ocrx_word' id='word_1_94' title='bbox 1171 2055 1206 2125; x_wconf 91' lang='lat' dir='ltr'><strong>in</strong></span> <span class='ocrx_word' id='word_1_95' title='bbox 1221 2057 1380 2127; x_wconf 90' lang='lat' dir='ltr'><strong>manibus</strong></span> 
     </span>
     <span class='ocr_line' id='line_1_13' title="bbox 381 2156 625 2241; baseline -0.012 -12"><span class='ocrx_word' id='word_1_96' title='bbox 381 2156 625 2241; x_wconf 84' lang='lat' dir='ltr'><strong>eiuspraebuit.</strong></span> 
     </span>
    </p>
   </div>
   <div class='ocr_carea' id='block_1_3' title="bbox 379 2290 1383 3393">
    <p class='ocr_par' dir='ltr' id='par_1_3' title="bbox 379 2290 1383 3163">
     <span class='ocr_line' id='line_1_14' title="bbox 463 2290 1380 2374; baseline 0 -14"><span class='ocrx_word' id='word_1_97' title='bbox 463 2291 549 2361; x_wconf 88' lang='lat' dir='ltr'><strong>Iulia</strong></span> <span class='ocrx_word' id='word_1_98' title='bbox 564 2299 687 2361; x_wconf 88' lang='lat' dir='ltr'><strong>cuncta</strong></span> <span class='ocrx_word' id='word_1_99' title='bbox 702 2291 785 2374; x_wconf 85' lang='lat' dir='ltr'><strong>haec,</strong></span> <span class='ocrx_word' id='word_1_100' title='bbox 801 2313 922 2373; x_wconf 89' lang='lat' dir='ltr'><strong>parum</strong></span> <span class='ocrx_word' id='word_1_101' title='bbox 948 2291 1042 2374; x_wconf 91' lang='lat' dir='ltr'><strong>pensi</strong></span> <span class='ocrx_word' id='word_1_102' title='bbox 1066 2290 1192 2372; x_wconf 86' lang='lat' dir='ltr'><strong>habita,</strong></span> <span class='ocrx_word' id='word_1_103' title='bbox 1207 2292 1261 2360; x_wconf 89' lang='lat' dir='ltr'><strong>vel</strong></span> <span class='ocrx_word' id='word_1_104' title='bbox 1277 2291 1380 2361; x_wconf 89' lang='lat' dir='ltr'><strong>etiam</strong></span> 
     </span>
     <span class='ocr_line' id='line_1_15' title="bbox 382 2390 1380 2474; baseline 0 -13"><span class='ocrx_word' id='word_1_105' title='bbox 382 2391 600 2474; x_wconf 86' lang='lat' dir='ltr'><strong>contemptim</strong></span> <span class='ocrx_word' id='word_1_106' title='bbox 616 2392 839 2472; x_wconf 89' lang='lat' dir='ltr'><strong>auscultabat,</strong></span> <span class='ocrx_word' id='word_1_107' title='bbox 855 2390 937 2460; x_wconf 90' lang='lat' dir='ltr'><strong>nihil</strong></span> <span class='ocrx_word' id='word_1_108' title='bbox 949 2391 1135 2473; x_wconf 87' lang='lat' dir='ltr'><strong>quidquam</strong></span> <span class='ocrx_word' id='word_1_109' title='bbox 1149 2391 1315 2473; x_wconf 85' lang='lat' dir='ltr'><strong>negando,</strong></span> <span class='ocrx_word' id='word_1_110' title='bbox 1331 2393 1380 2461; x_wconf 92' lang='lat' dir='ltr'><strong>ni-</strong></span> 
     </span>
     <span class='ocr_line' id='line_1_16' title="bbox 381 2490 1381 2574; baseline 0.001 -13"><span class='ocrx_word' id='word_1_111' title='bbox 381 2493 429 2562; x_wconf 94' lang='lat' dir='ltr'><strong>hil</strong></span> <span class='ocrx_word' id='word_1_112' title='bbox 444 2515 480 2562; x_wconf 92' lang='lat' dir='ltr'><strong>se</strong></span> <span class='ocrx_word' id='word_1_113' title='bbox 495 2491 696 2561; x_wconf 87' lang='lat' dir='ltr'><strong>excusando.</strong></span> <span class='ocrx_word' id='word_1_114' title='bbox 718 2490 896 2574; x_wconf 87' lang='lat' dir='ltr'><strong>Cogitatio,</strong></span> <span class='ocrx_word' id='word_1_115' title='bbox 911 2491 1007 2573; x_wconf 84' lang='lat' dir='ltr'><strong>quasi</strong></span> <span class='ocrx_word' id='word_1_116' title='bbox 1023 2513 1058 2560; x_wconf 90' lang='lat' dir='ltr'><strong>se</strong></span> <span class='ocrx_word' id='word_1_117' title='bbox 1074 2490 1225 2560; x_wconf 87' lang='lat' dir='ltr'><strong>excusari</strong></span> <span class='ocrx_word' id='word_1_118' title='bbox 1247 2514 1381 2562; x_wconf 86' lang='lat' dir='ltr'><strong>necesse</strong></span> 
     </span>
     <span class='ocr_line' id='line_1_17' title="bbox 379 2590 1382 2675; baseline -0.001 -12"><span class='ocrx_word' id='word_1_119' title='bbox 379 2599 477 2674; x_wconf 88' lang='lat' dir='ltr'><strong>essct,</strong></span> <span class='ocrx_word' id='word_1_120' title='bbox 494 2615 537 2661; x_wconf 92' lang='lat' dir='ltr'><strong>ne</strong></span> <span class='ocrx_word' id='word_1_121' title='bbox 552 2592 587 2660; x_wconf 92' lang='lat' dir='ltr'><strong>in</strong></span> <span class='ocrx_word' id='word_1_122' title='bbox 603 2598 752 2661; x_wconf 91' lang='lat' dir='ltr'><strong>mentem</strong></span> <span class='ocrx_word' id='word_1_123' title='bbox 767 2591 904 2674; x_wconf 91' lang='lat' dir='ltr'><strong>quidem</strong></span> <span class='ocrx_word' id='word_1_124' title='bbox 913 2592 1017 2661; x_wconf 90' lang='lat' dir='ltr'><strong>venit.</strong></span> <span class='ocrx_word' id='word_1_125' title='bbox 1030 2590 1177 2660; x_wconf 89' lang='lat' dir='ltr'><strong>Historia</strong></span> <span class='ocrx_word' id='word_1_126' title='bbox 1193 2591 1382 2675; x_wconf 81' lang='lat' dir='ltr'><strong>finita&#39;1,ipsa</strong></span> 
     </span>
     <span class='ocr_line' id='line_1_18' title="bbox 382 2691 1383 2776; baseline 0.001 -15"><span class='ocrx_word' id='word_1_127' title='bbox 382 2714 521 2776; x_wconf 88' lang='lat' dir='ltr'><strong>prorsus</strong></span> <span class='ocrx_word' id='word_1_128' title='bbox 535 2691 659 2761; x_wconf 84' lang='lat' dir='ltr'><strong>iterum</strong></span> <span class='ocrx_word' id='word_1_129' title='bbox 675 2713 711 2760; x_wconf 92' lang='lat' dir='ltr'><strong>se</strong></span> <span class='ocrx_word' id='word_1_130' title='bbox 726 2692 881 2774; x_wconf 80' lang='lat' dir='ltr'><strong>possedit,</strong></span> <span class='ocrx_word' id='word_1_131' title='bbox 907 2692 990 2774; x_wconf 93' lang='lat' dir='ltr'><strong>quin</strong></span> <span class='ocrx_word' id='word_1_132' title='bbox 1004 2698 1040 2760; x_wconf 93' lang='lat' dir='ltr'><strong>et</strong></span> <span class='ocrx_word' id='word_1_133' title='bbox 1055 2691 1167 2773; x_wconf 89' lang='lat' dir='ltr'><strong>paullo</strong></span> <span class='ocrx_word' id='word_1_134' title='bbox 1190 2692 1308 2761; x_wconf 90' lang='lat' dir='ltr'><strong>elatior</strong></span> <span class='ocrx_word' id='word_1_135' title='bbox 1333 2694 1383 2762; x_wconf 84' lang='lat' dir='ltr'><strong>ta·</strong></span> 
     </span>
     <span class='ocr_line' id='line_1_19' title="bbox 381 2791 1383 2874; baseline 0.001 -13"><span class='ocrx_word' id='word_1_136' title='bbox 381 2799 436 2861; x_wconf 86' lang='lat' dir='ltr'><strong>cta</strong></span> <span class='ocrx_word' id='word_1_137' title='bbox 451 2798 512 2874; x_wconf 91' lang='lat' dir='ltr'><strong>est,</strong></span> <span class='ocrx_word' id='word_1_138' title='bbox 527 2792 562 2860; x_wconf 92' lang='lat' dir='ltr'><strong>ni</strong></span> <span class='ocrx_word' id='word_1_139' title='bbox 577 2791 685 2873; x_wconf 77' lang='lat' dir='ltr'><strong>fallor,</strong></span> <span class='ocrx_word' id='word_1_140' title='bbox 702 2813 809 2872; x_wconf 92' lang='lat' dir='ltr'><strong>quum</strong></span> <span class='ocrx_word' id='word_1_141' title='bbox 824 2799 948 2860; x_wconf 86' lang='lat' dir='ltr'><strong>cuncta</strong></span> <span class='ocrx_word' id='word_1_142' title='bbox 968 2791 1095 2860; x_wconf 88' lang='lat' dir='ltr'><strong>circum</strong></span> <span class='ocrx_word' id='word_1_143' title='bbox 1110 2811 1146 2859; x_wconf 89' lang='lat' dir='ltr'><strong>se</strong></span> <span class='ocrx_word' id='word_1_144' title='bbox 1161 2792 1289 2860; x_wconf 87' lang='lat' dir='ltr'><strong>versari</strong></span> <span class='ocrx_word' id='word_1_145' title='bbox 1304 2793 1383 2863; x_wconf 88' lang='lat' dir='ltr'><strong>sire-</strong></span> 
     </span>
     <span class='ocr_line' id='line_1_20' title="bbox 381 2890 1383 2962; baseline 0 0"><span class='ocrx_word' id='word_1_146' title='bbox 381 2914 461 2962; x_wconf 93' lang='lat' dir='ltr'><strong>nem</strong></span> <span class='ocrx_word' id='word_1_147' title='bbox 475 2891 607 2961; x_wconf 86' lang='lat' dir='ltr'><strong>videret</strong></span> <span class='ocrx_word' id='word_1_148' title='bbox 622 2898 657 2960; x_wconf 91' lang='lat' dir='ltr'><strong>et</strong></span> <span class='ocrx_word' id='word_1_149' title='bbox 671 2890 815 2961; x_wconf 91' lang='lat' dir='ltr'><strong>audiret.</strong></span> <span class='ocrx_word' id='word_1_150' title='bbox 847 2891 931 2960; x_wconf 86' lang='lat' dir='ltr'><strong>Erat</strong></span> <span class='ocrx_word' id='word_1_151' title='bbox 955 2891 1017 2960; x_wconf 93' lang='lat' dir='ltr'><strong>hoc</strong></span> <span class='ocrx_word' id='word_1_152' title='bbox 1040 2896 1152 2960; x_wconf 90' lang='lat' dir='ltr'><strong>totum</strong></span> <span class='ocrx_word' id='word_1_153' title='bbox 1167 2890 1274 2961; x_wconf 90' lang='lat' dir='ltr'><strong>veluti</strong></span> <span class='ocrx_word' id='word_1_154' title='bbox 1289 2893 1383 2962; x_wconf 84' lang='lat' dir='ltr'><strong>iuve-</strong></span> 
     </span>
     <span class='ocr_line' id='line_1_21' title="bbox 381 2989 1383 3074; baseline 0.001 -12"><span class='ocrx_word' id='word_1_155' title='bbox 381 3013 527 3074; x_wconf 90' lang='lat' dir='ltr'><strong>nescere,</strong></span> <span class='ocrx_word' id='word_1_156' title='bbox 542 2991 681 3074; x_wconf 88' lang='lat' dir='ltr'><strong>proinde</strong></span> <span class='ocrx_word' id='word_1_157' title='bbox 695 2999 795 3074; x_wconf 83' lang='lat' dir='ltr'><strong>grato</strong></span> <span class='ocrx_word' id='word_1_158' title='bbox 810 2991 1058 3074; x_wconf 90' lang='lat' dir='ltr'><strong>quodammodo</strong></span> <span class='ocrx_word' id='word_1_159' title='bbox 1067 2989 1111 3059; x_wconf 90' lang='lat' dir='ltr'><strong>ad</strong></span> <span class='ocrx_word' id='word_1_160' title='bbox 1123 2990 1251 3072; x_wconf 85' lang='lat' dir='ltr'><strong>Rogers</strong></span> <span class='ocrx_word' id='word_1_161' title='bbox 1261 3015 1297 3062; x_wconf 89' lang='lat' dir='ltr'><strong>se</strong></span> <span class='ocrx_word' id='word_1_162' title='bbox 1308 3016 1383 3063; x_wconf 90' lang='lat' dir='ltr'><strong>ver·</strong></span> 
     </span>
     <span class='ocr_line' id='line_1_22' title="bbox 381 3091 560 3163; baseline -0.006 0"><span class='ocrx_word' id='word_1_163' title='bbox 381 3093 425 3163; x_wconf 91' lang='lat' dir='ltr'><strong>tit</strong></span> <span class='ocrx_word' id='word_1_164' title='bbox 438 3091 560 3162; x_wconf 84' lang='lat' dir='ltr'><strong>animo.</strong></span> 
     </span>
    </p>

    <p class='ocr_par' dir='ltr' id='par_1_4' title="bbox 382 3207 1382 3393">
     <span class='ocr_line' id='line_1_23' title="bbox 463 3207 1382 3293; baseline 0.005 -16"><span class='ocrx_word' id='word_1_165' title='bbox 463 3207 566 3278; x_wconf 87' lang='lat' dir='ltr'><strong>“Haec</strong></span> <span class='ocrx_word' id='word_1_166' title='bbox 581 3208 702 3291; x_wconf 86' lang='lat' dir='ltr'><strong>omnia,</strong></span> <span class='ocrx_word' id='word_1_167' title='bbox 717 3217 759 3279; x_wconf 86' lang='lat' dir='ltr'><strong>ut</strong></span> <span class='ocrx_word' id='word_1_168' title='bbox 773 3210 900 3293; x_wconf 91' lang='lat' dir='ltr'><strong>opinor,</strong></span> <span class='ocrx_word' id='word_1_169' title='bbox 916 3233 998 3280; x_wconf 89' lang='lat' dir='ltr'><strong>vera</strong></span> <span class='ocrx_word' id='word_1_170' title='bbox 1013 3212 1139 3282; x_wconf 82' lang='lat' dir='ltr'><strong>sunt?’&#39;</strong></span> <span class='ocrx_word' id='word_1_171' title='bbox 1154 3219 1310 3281; x_wconf 89' lang='lat' dir='ltr'><strong>matrona</strong></span> <span class='ocrx_word' id='word_1_172' title='bbox 1324 3235 1382 3282; x_wconf 92' lang='lat' dir='ltr'><strong>ve·</strong></span> 
     </span>
     <span class='ocr_line' id='line_1_24' title="bbox 382 3308 597 3393; baseline -0.005 -14"><span class='ocrx_word' id='word_1_173' title='bbox 382 3310 450 3379; x_wconf 84' lang='lat' dir='ltr'><strong>lata</strong></span> <span class='ocrx_word' id='word_1_174' title='bbox 465 3308 597 3393; x_wconf 88' lang='lat' dir='ltr'><strong>quaerit.</strong></span> 
     </span>
    </p>
   </div>
   <div class='ocr_carea' id='block_1_4' title="bbox 462 3424 1381 3512">
    <p class='ocr_par' dir='ltr' id='par_1_5' title="bbox 462 3424 1381 3512">
     <span class='ocr_line' id='line_1_25' title="bbox 462 3424 1381 3512; baseline 0.004 -16"><span class='ocrx_word' id='word_1_175' title='bbox 462 3424 581 3508; x_wconf 90' lang='lat' dir='ltr'><strong>“Vera,</strong></span> <span class='ocrx_word' id='word_1_176' title='bbox 596 3427 759 3509; x_wconf 83' lang='lat' dir='ltr'><strong>profecto,</strong></span> <span class='ocrx_word' id='word_1_177' title='bbox 775 3428 896 3510; x_wconf 86' lang='lat' dir='ltr'><strong>omnia,</strong></span> <span class='ocrx_word' id='word_1_178' title='bbox 912 3451 988 3498; x_wconf 88' lang='lat' dir='ltr'><strong>mea</strong></span> <span class='ocrx_word' id='word_1_179' title='bbox 999 3429 1120 3512; x_wconf 86' lang='lat' dir='ltr'><strong>Hera,&#39;’</strong></span> <span class='ocrx_word' id='word_1_180' title='bbox 1138 3429 1308 3512; x_wconf 90' lang='lat' dir='ltr'><strong>respondit</strong></span> <span class='ocrx_word' id='word_1_181' title='bbox 1325 3430 1381 3500; x_wconf 92' lang='lat' dir='ltr'><strong>Iu-</strong></span> 
     </span>
    </p>
   </div>
   <div class='ocr_carea' id='block_1_5' title="bbox 379 3525 1514 3813">
    <p class='ocr_par' dir='ltr' id='par_1_6' title="bbox 379 3525 1514 3813">
     <span class='ocr_line' id='line_1_26' title="bbox 382 3525 1381 3612; baseline 0.007 -17"><span class='ocrx_word' id='word_1_182' title='bbox 382 3525 426 3595; x_wconf 91' lang='lat' dir='ltr'><strong>lia</strong></span> <span class='ocrx_word' id='word_1_183' title='bbox 450 3526 583 3596; x_wconf 89' lang='lat' dir='ltr'><strong>humeri</strong></span> <span class='ocrx_word' id='word_1_184' title='bbox 608 3527 720 3596; x_wconf 88' lang='lat' dir='ltr'><strong>vulsu.</strong></span> <span class='ocrx_word' id='word_1_185' title='bbox 737 3525 855 3597; x_wconf 88' lang='lat' dir='ltr'><strong>“Tunc</strong></span> <span class='ocrx_word' id='word_1_186' title='bbox 880 3529 933 3598; x_wconf 83' lang='lat' dir='ltr'><strong>fui</strong></span> <span class='ocrx_word' id='word_1_187' title='bbox 960 3529 1101 3612; x_wconf 84' lang='lat' dir='ltr'><strong>iuvenis,</strong></span> <span class='ocrx_word' id='word_1_188' title='bbox 1123 3551 1285 3612; x_wconf 91' lang='lat' dir='ltr'><strong>amorque</strong></span> <span class='ocrx_word' id='word_1_189' title='bbox 1299 3531 1381 3602; x_wconf 89' lang='lat' dir='ltr'><strong>vitae</strong></span> 
     </span>
     <span class='ocr_line' id='line_1_27' title="bbox 380 3626 1514 3714; baseline 0.007 -19"><span class='ocrx_word' id='word_1_190' title='bbox 380 3626 541 3696; x_wconf 86' lang='lat' dir='ltr'><strong>citatioris</strong></span> <span class='ocrx_word' id='word_1_191' title='bbox 565 3649 619 3696; x_wconf 91' lang='lat' dir='ltr'><strong>me</strong></span> <span class='ocrx_word' id='word_1_192' title='bbox 635 3627 797 3710; x_wconf 90' lang='lat' dir='ltr'><strong>rapiebat.</strong></span> <span class='ocrx_word' id='word_1_193' title='bbox 821 3629 893 3697; x_wconf 90' lang='lat' dir='ltr'><strong>lam</strong></span> <span class='ocrx_word' id='word_1_194' title='bbox 917 3651 993 3699; x_wconf 90' lang='lat' dir='ltr'><strong>sum</strong></span> <span class='ocrx_word' id='word_1_195' title='bbox 1016 3629 1173 3710; x_wconf 84' lang='lat' dir='ltr'><strong>adultior,</strong></span> <span class='ocrx_word' id='word_1_196' title='bbox 1194 3631 1287 3700; x_wconf 83' lang='lat' dir='ltr'><strong>facta</strong></span> <span class='ocrx_word' id='word_1_197' title='bbox 1302 3653 1380 3714; x_wconf 90' lang='lat' dir='ltr'><strong>pru·</strong></span> <span class='ocrx_word' id='word_1_198' title='bbox 1511 3659 1514 3664; x_wconf 93' lang='lat'>·</span> 
     </span>
     <span class='ocr_line' id='line_1_28' title="bbox 379 3727 1295 3813; baseline 0.002 -16"><span class='ocrx_word' id='word_1_199' title='bbox 379 3727 511 3797; x_wconf 90' lang='lat' dir='ltr'><strong>dentior</strong></span> <span class='ocrx_word' id='word_1_200' title='bbox 528 3761 568 3773; x_wconf 89' lang='lat'>-</span> <span class='ocrx_word' id='word_1_201' title='bbox 582 3735 748 3811; x_wconf 84' lang='lat' dir='ltr'><strong>praeterea</strong></span> <span class='ocrx_word' id='word_1_202' title='bbox 763 3729 831 3797; x_wconf 85' lang='lat' dir='ltr'><strong>iam</strong></span> <span class='ocrx_word' id='word_1_203' title='bbox 847 3751 925 3810; x_wconf 88' lang='lat' dir='ltr'><strong>non,</strong></span> <span class='ocrx_word' id='word_1_204' title='bbox 941 3736 982 3798; x_wconf 94' lang='lat' dir='ltr'><strong>ut</strong></span> <span class='ocrx_word' id='word_1_205' title='bbox 997 3737 1108 3812; x_wconf 86' lang='lat' dir='ltr'><strong>antea,</strong></span> <span class='ocrx_word' id='word_1_206' title='bbox 1124 3733 1295 3813; x_wconf 86' lang='lat' dir='ltr'><strong>appetor.”</strong></span> 
     </span>
    </p>
   </div>
   <div class='ocr_carea' id='block_1_6' title="bbox 382 3842 1381 4016">
    <p class='ocr_par' dir='ltr' id='par_1_7' title="bbox 382 3842 1381 4016">
     <span class='ocr_line' id='line_1_29' title="bbox 465 3842 1381 3933; baseline 0.008 -20"><span class='ocrx_word' id='word_1_207' title='bbox 465 3842 661 3927; x_wconf 70' lang='lat' dir='ltr'><strong>“Proinde&#39;’</strong></span> <span class='ocrx_word' id='word_1_208' title='bbox 677 3845 788 3928; x_wconf 88' lang='lat' dir='ltr'><strong>inquit</strong></span> <span class='ocrx_word' id='word_1_209' title='bbox 803 3845 886 3916; x_wconf 86' lang='lat' dir='ltr'><strong>hera</strong></span> <span class='ocrx_word' id='word_1_210' title='bbox 901 3869 979 3916; x_wconf 92' lang='lat' dir='ltr'><strong>cum</strong></span> <span class='ocrx_word' id='word_1_211' title='bbox 994 3847 1111 3930; x_wconf 90' lang='lat' dir='ltr'><strong>ironia,</strong></span> <span class='ocrx_word' id='word_1_212' title='bbox 1123 3845 1313 3918; x_wconf 89' lang='lat' dir='ltr'><strong>“nunciam</strong></span> <span class='ocrx_word' id='word_1_213' title='bbox 1325 3873 1381 3933; x_wconf 91' lang='lat' dir='ltr'><strong>pa·</strong></span> 
     </span>
     <span class='ocr_line' id='line_1_30' title="bbox 382 3945 1031 4016; baseline 0.003 -2"><span class='ocrx_word' id='word_1_214' title='bbox 382 3951 456 4014; x_wconf 87' lang='lat' dir='ltr'><strong>rata</strong></span> <span class='ocrx_word' id='word_1_215' title='bbox 471 3966 508 4014; x_wconf 90' lang='lat' dir='ltr'><strong>es</strong></span> <span class='ocrx_word' id='word_1_216' title='bbox 522 3945 565 4015; x_wconf 89' lang='lat' dir='ltr'><strong>ad</strong></span> <span class='ocrx_word' id='word_1_217' title='bbox 580 3945 741 4015; x_wconf 87' lang='lat' dir='ltr'><strong>maritum</strong></span> <span class='ocrx_word' id='word_1_218' title='bbox 757 3953 858 4016; x_wconf 93' lang='lat' dir='ltr'><strong>tuum</strong></span> <span class='ocrx_word' id='word_1_219' title='bbox 874 3948 1031 4016; x_wconf 87' lang='lat' dir='ltr'><strong>reverti.’&#39;</strong></span> 
     </span>
    </p>
   </div>
   <div class='ocr_carea' id='block_1_7' title="bbox 381 4060 1382 4252">
    <p class='ocr_par' dir='ltr' id='par_1_8' title="bbox 381 4060 1382 4252">
     <span class='ocr_line' id='line_1_31' title="bbox 466 4060 1382 4150; baseline 0.005 -18"><span class='ocrx_word' id='word_1_220' title='bbox 466 4060 537 4132; x_wconf 85' lang='lat' dir='ltr'><strong>“Ea</strong></span> <span class='ocrx_word' id='word_1_221' title='bbox 551 4061 594 4132; x_wconf 93' lang='lat' dir='ltr'><strong>de</strong></span> <span class='ocrx_word' id='word_1_222' title='bbox 608 4085 645 4132; x_wconf 90' lang='lat' dir='ltr'><strong>re</strong></span> <span class='ocrx_word' id='word_1_223' title='bbox 661 4062 727 4131; x_wconf 90' lang='lat' dir='ltr'><strong>iam</strong></span> <span class='ocrx_word' id='word_1_224' title='bbox 742 4062 899 4146; x_wconf 82' lang='lat' dir='ltr'><strong>cogitavi,</strong></span> <span class='ocrx_word' id='word_1_225' title='bbox 925 4086 1002 4133; x_wconf 90' lang='lat' dir='ltr'><strong>mea</strong></span> <span class='ocrx_word' id='word_1_226' title='bbox 1027 4065 1148 4150; x_wconf 87' lang='lat' dir='ltr'><strong>Hera,”</strong></span> <span class='ocrx_word' id='word_1_227' title='bbox 1174 4069 1281 4138; x_wconf 81' lang='lat' dir='ltr'><strong>refert</strong></span> <span class='ocrx_word' id='word_1_228' title='bbox 1297 4069 1382 4138; x_wconf 90' lang='lat' dir='ltr'><strong>Iulia</strong></span> 
     </span>
     <span class='ocr_line' id='line_1_32' title="bbox 381 4162 1380 4252; baseline 0.008 -21"><span class='ocrx_word' id='word_1_229' title='bbox 381 4162 549 4246; x_wconf 79' lang='lat' dir='ltr'><strong>stupendo</strong></span> <span class='ocrx_word' id='word_1_230' title='bbox 564 4162 785 4247; x_wconf 89' lang='lat' dir='ltr'><strong>simplicitate,</strong></span> <span class='ocrx_word' id='word_1_231' title='bbox 797 4162 895 4234; x_wconf 88' lang='lat' dir='ltr'><strong>“inde</strong></span> <span class='ocrx_word' id='word_1_232' title='bbox 910 4187 953 4234; x_wconf 90' lang='lat' dir='ltr'><strong>ex</strong></span> <span class='ocrx_word' id='word_1_233' title='bbox 968 4186 1036 4248; x_wconf 94' lang='lat' dir='ltr'><strong>quo</strong></span> <span class='ocrx_word' id='word_1_234' title='bbox 1052 4189 1130 4237; x_wconf 92' lang='lat' dir='ltr'><strong>eum</strong></span> <span class='ocrx_word' id='word_1_235' title='bbox 1146 4169 1199 4239; x_wconf 92' lang='lat' dir='ltr'><strong>hic</strong></span> <span class='ocrx_word' id='word_1_236' title='bbox 1214 4169 1380 4252; x_wconf 83' lang='lat' dir='ltr'><strong>conspexi,</strong></span> 
     </span>
    </p>
   </div>
   <div class='ocr_carea' id='block_1_8' title="bbox 0 0 1774 5156">
    <p class='ocr_par' dir='ltr' id='par_1_9' title="bbox 0 0 1774 5156">
     <span class='ocr_line' id='line_1_33' title="bbox 0 0 1774 5156; baseline 0 0"><span class='ocrx_word' id='word_1_237' title='bbox 0 0 1774 5156; x_wconf 95' lang='lat' dir='ltr'><strong> </strong></span> 
     </span>
    </p>
   </div>
  </div>
 </body>
</html>
