3536 5156
398 885 460 960 166
663 905 872 961 ursanmuu
894 907 1001 962 arcp
1021 902 1141 963 nouas

389 1079 424 1142 et
454 1080 495 1142 ut
510 1094 564 1142 me
579 1072 756 1143 exaudiret
771 1073 814 1144 ab
825 1096 865 1143 eo
879 1075 1040 1158 flagitavi.
1051 1077 1142 1146 Tum
1152 1076 1290 1146 demum
1300 1076 1329 1146 is
1337 1098 1392 1146 me

392 1173 434 1242 ad
450 1173 517 1242 huc
532 1173 730 1243 intrandum
745 1174 935 1244 invitavit.”

476 1272 539 1342 Hic
555 1273 626 1355 ipsa
641 1273 765 1343 iterum
780 1274 944 1345 conticuit
958 1275 1041 1344 dum
1050 1297 1106 1345 me
1121 1284 1248 1346 tremor
1262 1298 1305 1345 ex
1318 1276 1392 1359 ipsa

395 1374 644 1455 exspectatione
659 1374 811 1455 perculit.
829 1374 983 1457 Denique
997 1396 1078 1444 mox
1092 1397 1228 1446 eramus
1242 1377 1392 1446 audituri

393 1473 680 1555 quemadmodum
696 1473 870 1556 Philippus
884 1475 1031 1544 Vantine
1046 1484 1155 1545 morte
1181 1476 1326 1546 affectus
1341 1476 1394 1545 sit.

478 1570 609 1654 “Igitur
623 1594 688 1655 ego
703 1573 867 1656 consedi,”
883 1575 995 1656 pergit
1010 1574 1104 1644 Iulia.
1129 1574 1271 1644 “Totam
1292 1576 1392 1645 istam

397 1694 469 1741 rem
485 1673 530 1740 illi
545 1673 693 1754 patefeci
707 1673 786 1741 inde
807 1673 851 1743 ab
874 1673 1020 1742 exordio.
1049 1675 1125 1757 lpse
1140 1697 1195 1744 me
1219 1675 1398 1745 intentissi-

395 1793 472 1840 mus
485 1773 709 1852 auscultavit;
725 1773 783 1840 sed
807 1795 913 1855 quum
928 1774 972 1843 ab
997 1796 1038 1842 eo
1061 1775 1254 1856 petivissem
1280 1781 1320 1844 ut
1344 1777 1395 1844 fa-

395 1873 559 1941 cultatem
574 1873 765 1941 litteramm
781 1873 1006 1942 tollendamm
1030 1875 1112 1943 mihi
1137 1876 1276 1958 faceret,
1302 1875 1396 1944 dubi-

394 1979 467 2041 tare
484 1972 595 2055 coepit.
612 1972 694 2042 lnde
710 1994 845 2042 sursum
861 1973 1087 2056 deorsumque
1102 1975 1137 2043 in
1153 1976 1305 2044 conclavi
1326 1997 1395 2045 am·

395 2073 516 2141 bulans
529 2094 601 2141 rem
616 2072 860 2155 meditabatur;
887 2074 1007 2144 deinde
1032 2096 1088 2144 me
1113 2097 1173 2158 per
1197 2075 1335 2145 ianuam
1359 2076 1394 2144 in

392 2172 473 2242 illud
489 2172 683 2242 cubiculum
698 2172 848 2243 deduxit.
871 2174 960 2242 Arca
980 2174 1014 2243 in
1036 2175 1147 2244 medio
1171 2175 1283 2245 stabat
1299 2175 1395 2246 tabu-

392 2273 472 2354 lato,
488 2272 669 2355 omniaque
684 2267 814 2342 lumina
828 2272 1003 2343 ardebant

477 2371 611 2442 “istane
640 2372 697 2441 illa
721 2394 800 2442 arca
826 2373 922 2443 est?”
949 2374 1020 2457 ipse
1043 2377 1201 2457 quaesivit
1225 2399 1246 2446 a
1271 2398 1336 2457 me,
1359 2382 1394 2444 et

390 2493 498 2554 quum
514 2472 628 2542 verbis
645 2472 905 2555 confirmassem,
921 2474 1036 2544 mirari
1057 2474 1248 2547 videbatur.

474 2571 493 2599 “
509 2571 587 2642 ‘Res
601 2572 746 2655 probatu
761 2573 870 2643 facilis
885 2575 957 2656 est,'
972 2573 1041 2643 dixi
1052 2597 1126 2659 ego,
1137 2582 1214 2646 tum
1225 2577 1268 2647 ad
1279 2598 1394 2646 arcam

393 2693 571 2755 progressa
585 2673 651 2742 tria
666 2673 786 2755 pusilla
795 2673 954 2755 choragia
967 2673 1161 2756 imprimere
1176 2677 1273 2760 coepi,
1284 2683 1326 2745 ut
1336 2677 1393 2745 he-

395 2794 468 2842 ram
483 2772 666 2842 facientem
681 2772 842 2842 videram.
865 2773 996 2843 Ansula
1018 2774 1052 2842 in
1076 2775 1181 2846 latere
1197 2776 1324 2859 recidit,
1339 2798 1397 2846 ve·

398 2895 474 2943 rum
490 2873 561 2956 ipse
576 2895 630 2942 me
646 2872 829 2956 prohibuit.

475 2970 494 3000 “
510 2971 653 3042 ‘Revera
667 2972 740 3042 haec
755 2972 811 3042 illa
825 2973 898 3056 ipsa
908 2995 987 3044 arca
997 2975 1070 3057 est,'
1085 2975 1133 3045 ait
1155 2975 1218 3046 ille.
1231 2976 1313 3047 ‘Hoc
1327 2977 1395 3046 iam

395 3072 502 3143 video.
524 3072 569 3142 Et
584 3073 713 3156 absque
729 3073 833 3142 dubio
856 3074 990 3144 forulus
1012 3097 1069 3144 eas
1092 3097 1178 3158 quas
1202 3078 1398 3147 memorasti

392 3175 479 3243 celat
494 3173 634 3242 litteras.
657 3173 721 3242 Ast
736 3172 790 3244 hae
805 3173 929 3243 litterae
943 3195 1011 3242 non
1026 3181 1099 3244 tuae
1114 3183 1206 3245 sunt.
1228 3175 1288 3246 Eae
1302 3175 1395 3246 herae

395 3279 467 3342 tuae
481 3280 562 3342 sunt
578 3273 731 3356 propriae.
748 3273 796 3343 Ut
811 3295 868 3343 eas
883 3276 1021 3344 auferas
1035 3276 1218 3346 concedere
1229 3299 1298 3345 non
1319 3299 1395 3360 pos-

395 3393 481 3472 sum,
497 3373 667 3456 quoniam,
684 3374 847 3456 profecto,
863 3395 932 3443 non
948 3381 982 3444 te
1005 3375 1094 3444 novi.
1118 3375 1206 3445 Fieri
1221 3384 1333 3460 potest
1354 3384 1395 3446 ut

394 3473 433 3541 lis
449 3473 544 3542 abuit
558 3473 619 3542 tibi
634 3473 669 3542 in
691 3473 803 3542 animo
824 3473 898 3543 sit.''

479 3571 599 3643 “Omni
615 3574 714 3643 modo
729 3573 923 3644 obtestabar
945 3575 1070 3644 iniuste
1092 3575 1126 3644 id
1137 3577 1218 3645 mihi
1233 3576 1394 3659 imputari

396 3672 523 3754 optima
545 3695 600 3742 me
615 3695 688 3742 esse
701 3673 821 3756 indole,
836 3674 928 3744 herae
941 3697 1028 3744 meae
1042 3697 1084 3744 ex
1098 3675 1210 3745 animo
1224 3677 1310 3746 bene
1331 3677 1400 3760 vel,

395 3772 436 3854 le,
451 3794 574 3854 meque
589 3794 664 3842 eam
679 3773 778 3842 tueri.
795 3774 948 3856 Denique
964 3796 1018 3843 me
1034 3775 1069 3843 in
1084 3775 1148 3844 hoc
1163 3775 1298 3845 reduxit
1323 3798 1401 3845 con.

395 3872 499 3941 clave.
515 3873 591 3942 Prae
604 3874 723 3942 furore
738 3895 834 3956 paene
850 3873 928 3942 flevi
943 3875 972 3944 .''

484 3970 503 4001 ‘⁴
527 3972 732 4042 ‘Revertere’
755 3973 867 4055 inquit
894 3974 1042 4056 tandem,
1070 3973 1121 4044 ‘ad
1148 3983 1244 4044 tuam
1274 3974 1401 4054 heram,

399 4073 522 4141 nuntia
537 4073 582 4141 illi
598 4095 652 4142 me
668 4073 711 4142 ad
727 4095 806 4143 suas
820 4073 882 4143 sibi
904 4074 1092 4144 reddendas
1113 4075 1243 4146 litteras
1263 4077 1403 4158 paratis-

392 4173 517 4242 simum
532 4195 613 4243 esse.
647 4173 777 4244 Dedere
805 4181 921 4244 tamen
951 4197 1009 4245 eas
1038 4174 1108 4245 suis
1132 4183 1269 4245 tantum
1295 4176 1401 4260 ipsius
