<?xml version="1.0" encoding="UTF-8"?>
<!DOCTYPE html PUBLIC "-//W3C//DTD XHTML 1.0 Transitional//EN"
    "http://www.w3.org/TR/xhtml1/DTD/xhtml1-transitional.dtd">
<html xmlns="http://www.w3.org/1999/xhtml" xml:lang="en" lang="en">
 <head>
  <title>
</title>
<meta http-equiv="Content-Type" content="text/html;charset=utf-8" />
  <meta name='ocr-system' content='tesseract 3.04.00' />
  <meta name='ocr-capabilities' content='ocr_page ocr_carea ocr_par ocr_line ocrx_word'/>
</head>
<body>
  <div class='ocr_page' id='page_1' title='image "./mysteriumarcbou00mogygoog/mysteriumarcbou00mogygoog_0103.png"; bbox 0 0 3554 5156; ppageno 0'>
   <div class='ocr_carea' id='block_1_1' title="bbox 403 824 1146 894">
    <p class='ocr_par' dir='ltr' id='par_1_1' title="bbox 403 824 1146 894">
     <span class='ocr_line' id='line_1_1' title="bbox 403 824 1146 894; baseline -0.007 0"><span class='ocrx_word' id='word_1_1' title='bbox 403 824 445 894; x_wconf 91' lang='lat'><strong>88</strong></span> <span class='ocrx_word' id='word_1_2' title='bbox 668 837 878 893; x_wconf 71' lang='lat' dir='ltr'><strong>ursammu</strong></span> <span class='ocrx_word' id='word_1_3' title='bbox 898 836 1007 891; x_wconf 75' lang='lat' dir='ltr'><strong>anem</strong></span> <span class='ocrx_word' id='word_1_4' title='bbox 1027 829 1146 890; x_wconf 75' lang='lat' dir='ltr'><strong>uonna</strong></span> 
     </span>
    </p>
   </div>
   <div class='ocr_carea' id='block_1_2' title="bbox 406 1000 1407 2416">
    <p class='ocr_par' dir='ltr' id='par_1_2' title="bbox 406 1000 1405 1278">
     <span class='ocr_line' id='line_1_2' title="bbox 489 1000 1404 1078; baseline -0.01 0"><span class='ocrx_word' id='word_1_5' title='bbox 489 1006 639 1078; x_wconf 88' lang='lat' dir='ltr'><strong>“Verum</strong></span> <span class='ocrx_word' id='word_1_6' title='bbox 664 1014 726 1077; x_wconf 88' lang='lat' dir='ltr'><strong>est.</strong></span> <span class='ocrx_word' id='word_1_7' title='bbox 751 1009 839 1076; x_wconf 91' lang='lat' dir='ltr'><strong>Nola</strong></span> <span class='ocrx_word' id='word_1_8' title='bbox 863 1027 933 1076; x_wconf 90' lang='lat' dir='ltr'><strong>una</strong></span> <span class='ocrx_word' id='word_1_9' title='bbox 963 1004 1066 1075; x_wconf 87' lang='lat' dir='ltr'><strong>tinnit</strong></span> <span class='ocrx_word' id='word_1_10' title='bbox 1093 1005 1128 1074; x_wconf 91' lang='lat' dir='ltr'><strong>in</strong></span> <span class='ocrx_word' id='word_1_11' title='bbox 1155 1002 1310 1073; x_wconf 91' lang='lat' dir='ltr'><strong>cubiculo</strong></span> <span class='ocrx_word' id='word_1_12' title='bbox 1330 1000 1404 1071; x_wconf 90' lang='lat' dir='ltr'><strong>heri</strong></span> 
     </span>
     <span class='ocr_line' id='line_1_3' title="bbox 406 1102 1405 1190; baseline -0.008 -12"><span class='ocrx_word' id='word_1_13' title='bbox 406 1108 564 1190; x_wconf 89' lang='lat' dir='ltr'><strong>Vantine,</strong></span> <span class='ocrx_word' id='word_1_14' title='bbox 588 1109 695 1179; x_wconf 91' lang='lat' dir='ltr'><strong>altera</strong></span> <span class='ocrx_word' id='word_1_15' title='bbox 718 1109 755 1177; x_wconf 94' lang='lat' dir='ltr'><strong>in</strong></span> <span class='ocrx_word' id='word_1_16' title='bbox 780 1129 868 1190; x_wconf 90' lang='lat' dir='ltr'><strong>meo,</strong></span> <span class='ocrx_word' id='word_1_17' title='bbox 891 1107 994 1176; x_wconf 89' lang='lat' dir='ltr'><strong>tertia</strong></span> <span class='ocrx_word' id='word_1_18' title='bbox 1017 1112 1133 1174; x_wconf 88' lang='lat' dir='ltr'><strong>autem</strong></span> <span class='ocrx_word' id='word_1_19' title='bbox 1158 1104 1193 1173; x_wconf 92' lang='lat' dir='ltr'><strong>in</strong></span> <span class='ocrx_word' id='word_1_20' title='bbox 1219 1102 1356 1172; x_wconf 89' lang='lat' dir='ltr'><strong>decuria</strong></span> <span class='ocrx_word' id='word_1_21' title='bbox 1369 1102 1405 1170; x_wconf 94' lang='lat' dir='ltr'><strong>li-</strong></span> 
     </span>
     <span class='ocr_line' id='line_1_4' title="bbox 406 1208 542 1278; baseline -0.007 0"><span class='ocrx_word' id='word_1_22' title='bbox 406 1208 542 1278; x_wconf 83' lang='lat' dir='ltr'><strong>cton&#39;a.&#39;&#39;</strong></span> 
     </span>
    </p>

    <p class='ocr_par' dir='ltr' id='par_1_3' title="bbox 490 1308 791 1392">
     <span class='ocr_line' id='line_1_5' title="bbox 490 1308 791 1392; baseline 0 -13"><span class='ocrx_word' id='word_1_23' title='bbox 490 1308 791 1392; x_wconf 79' lang='lat' dir='ltr'><strong>“operantume?”</strong></span> 
     </span>
    </p>

    <p class='ocr_par' dir='ltr' id='par_1_4' title="bbox 407 1404 1405 1595">
     <span class='ocr_line' id='line_1_6' title="bbox 491 1404 1405 1492; baseline -0.01 -12"><span class='ocrx_word' id='word_1_24' title='bbox 491 1408 725 1492; x_wconf 89' lang='lat' dir='ltr'><strong>“Operantur;</strong></span> <span class='ocrx_word' id='word_1_25' title='bbox 742 1409 846 1479; x_wconf 92' lang='lat' dir='ltr'><strong>herus</strong></span> <span class='ocrx_word' id='word_1_26' title='bbox 860 1409 1007 1479; x_wconf 90' lang='lat' dir='ltr'><strong>Vantine</strong></span> <span class='ocrx_word' id='word_1_27' title='bbox 1022 1407 1093 1491; x_wconf 85' lang='lat' dir='ltr'><strong>ipse</strong></span> <span class='ocrx_word' id='word_1_28' title='bbox 1109 1404 1256 1475; x_wconf 88' lang='lat' dir='ltr'><strong>tentavit</strong></span> <span class='ocrx_word' id='word_1_29' title='bbox 1269 1404 1333 1473; x_wconf 91' lang='lat' dir='ltr'><strong>hac</strong></span> <span class='ocrx_word' id='word_1_30' title='bbox 1348 1424 1405 1472; x_wconf 93' lang='lat' dir='ltr'><strong>ve·</strong></span> 
     </span>
     <span class='ocr_line' id='line_1_7' title="bbox 407 1511 777 1595; baseline -0.008 -14"><span class='ocrx_word' id='word_1_31' title='bbox 407 1532 506 1595; x_wconf 86' lang='lat' dir='ltr'><strong>spera</strong></span> <span class='ocrx_word' id='word_1_32' title='bbox 520 1517 600 1579; x_wconf 90' lang='lat' dir='ltr'><strong>ante</strong></span> <span class='ocrx_word' id='word_1_33' title='bbox 614 1511 777 1580; x_wconf 90' lang='lat' dir='ltr'><strong>coenam.&#39;&#39;</strong></span> 
     </span>
    </p>

    <p class='ocr_par' dir='ltr' id='par_1_5' title="bbox 407 1605 1406 1794">
     <span class='ocr_line' id='line_1_8' title="bbox 491 1605 1406 1692; baseline -0.009 -12"><span class='ocrx_word' id='word_1_34' title='bbox 491 1609 583 1680; x_wconf 87' lang='lat' dir='ltr'><strong>“Cur</strong></span> <span class='ocrx_word' id='word_1_35' title='bbox 596 1632 678 1681; x_wconf 82' lang='lat' dir='ltr'><strong>vero</strong></span> <span class='ocrx_word' id='word_1_36' title='bbox 693 1633 761 1680; x_wconf 92' lang='lat' dir='ltr'><strong>non</strong></span> <span class='ocrx_word' id='word_1_37' title='bbox 776 1611 920 1680; x_wconf 90' lang='lat' dir='ltr'><strong>sonabat</strong></span> <span class='ocrx_word' id='word_1_38' title='bbox 934 1630 1041 1692; x_wconf 86' lang='lat' dir='ltr'><strong>quum</strong></span> <span class='ocrx_word' id='word_1_39' title='bbox 1066 1630 1131 1690; x_wconf 74' lang='lat' dir='ltr'><strong>ego</strong></span> <span class='ocrx_word' id='word_1_40' title='bbox 1154 1608 1340 1676; x_wconf 74' lang='lat' dir='ltr'><strong>fenestram</strong></span> <span class='ocrx_word' id='word_1_41' title='bbox 1361 1605 1406 1673; x_wconf 74' lang='lat' dir='ltr'><strong>le</strong></span> 
     </span>
     <span class='ocr_line' id='line_1_9' title="bbox 407 1711 675 1794; baseline -0.004 -13"><span class='ocrx_word' id='word_1_42' title='bbox 407 1711 532 1781; x_wconf 84' lang='lat' dir='ltr'><strong>vavi?”</strong></span> <span class='ocrx_word' id='word_1_43' title='bbox 549 1733 675 1794; x_wconf 84' lang='lat' dir='ltr'><strong>quaero.</strong></span> 
     </span>
    </p>

    <p class='ocr_par' dir='ltr' id='par_1_6' title="bbox 491 1811 696 1881">
     <span class='ocr_line' id='line_1_10' title="bbox 491 1811 696 1881; baseline 0.005 -1"><span class='ocrx_word' id='word_1_44' title='bbox 491 1811 599 1881; x_wconf 83' lang='lat' dir='ltr'><strong>Parks</strong></span> <span class='ocrx_word' id='word_1_45' title='bbox 613 1812 696 1881; x_wconf 88' lang='lat' dir='ltr'><strong>risit.</strong></span> 
     </span>
    </p>

    <p class='ocr_par' dir='ltr' id='par_1_7' title="bbox 408 1922 1407 2416">
     <span class='ocr_line' id='line_1_11' title="bbox 491 1922 1404 2012; baseline -0.012 -12"><span class='ocrx_word' id='word_1_46' title='bbox 491 1928 599 2012; x_wconf 88' lang='lat' dir='ltr'>“Quia</span> <span class='ocrx_word' id='word_1_47' title='bbox 613 1929 864 1999; x_wconf 72' lang='lat' dir='ltr'><strong>diverticulum</strong></span> <span class='ocrx_word' id='word_1_48' title='bbox 891 1927 1053 2010; x_wconf 86' lang='lat' dir='ltr'><strong>seiunxi,&#39;&#39;</strong></span> <span class='ocrx_word' id='word_1_49' title='bbox 1068 1925 1250 2009; x_wconf 84' lang='lat' dir='ltr'>respondit,</span> <span class='ocrx_word' id='word_1_50' title='bbox 1277 1922 1404 2006; x_wconf 87' lang='lat' dir='ltr'><strong>“quum</strong></span> 
     </span>
     <span class='ocr_line' id='line_1_12' title="bbox 408 2024 1407 2112; baseline -0.008 -14"><span class='ocrx_word' id='word_1_51' title='bbox 408 2031 451 2100; x_wconf 92' lang='lat' dir='ltr'><strong>ad</strong></span> <span class='ocrx_word' id='word_1_52' title='bbox 466 2030 657 2099; x_wconf 79' lang='lat' dir='ltr'><strong>efferendos</strong></span> <span class='ocrx_word' id='word_1_53' title='bbox 671 2031 801 2100; x_wconf 85' lang='lat' dir='ltr'><strong>forulos</strong></span> <span class='ocrx_word' id='word_1_54' title='bbox 816 2030 934 2112; x_wconf 84' lang='lat' dir='ltr'><strong>prodii.</strong></span> <span class='ocrx_word' id='word_1_55' title='bbox 957 2027 1204 2097; x_wconf 90' lang='lat' dir='ltr'><strong>Diverticulum</strong></span> <span class='ocrx_word' id='word_1_56' title='bbox 1219 2031 1273 2094; x_wconf 89' lang='lat' dir='ltr'><strong>est</strong></span> <span class='ocrx_word' id='word_1_57' title='bbox 1288 2025 1323 2092; x_wconf 90' lang='lat' dir='ltr'><strong>in</strong></span> <span class='ocrx_word' id='word_1_58' title='bbox 1338 2024 1407 2091; x_wconf 84' lang='lat' dir='ltr'><strong>fer-</strong></span> 
     </span>
     <span class='ocr_line' id='line_1_13' title="bbox 408 2123 1406 2213; baseline -0.008 -15"><span class='ocrx_word' id='word_1_59' title='bbox 408 2152 466 2199; x_wconf 88' lang='lat' dir='ltr'><strong>rea</strong></span> <span class='ocrx_word' id='word_1_60' title='bbox 487 2129 611 2213; x_wconf 79' lang='lat' dir='ltr'>pyxide</span> <span class='ocrx_word' id='word_1_61' title='bbox 625 2130 659 2199; x_wconf 92' lang='lat' dir='ltr'><strong>in</strong></span> <span class='ocrx_word' id='word_1_62' title='bbox 675 2152 784 2211; x_wconf 89' lang='lat' dir='ltr'><strong>muro,</strong></span> <span class='ocrx_word' id='word_1_63' title='bbox 809 2152 898 2213; x_wconf 89' lang='lat' dir='ltr'><strong>pone</strong></span> <span class='ocrx_word' id='word_1_64' title='bbox 920 2129 1057 2212; x_wconf 86' lang='lat' dir='ltr'><strong>gradus.</strong></span> <span class='ocrx_word' id='word_1_65' title='bbox 1090 2125 1242 2195; x_wconf 91' lang='lat' dir='ltr'><strong>Muneris</strong></span> <span class='ocrx_word' id='word_1_66' title='bbox 1265 2123 1333 2192; x_wconf 89' lang='lat' dir='ltr'><strong>mei</strong></span> <span class='ocrx_word' id='word_1_67' title='bbox 1354 2129 1406 2191; x_wconf 87' lang='lat' dir='ltr'><strong>est</strong></span> 
     </span>
     <span class='ocr_line' id='line_1_14' title="bbox 408 2225 1405 2314; baseline -0.01 -14"><span class='ocrx_word' id='word_1_68' title='bbox 408 2252 573 2300; x_wconf 87' lang='lat' dir='ltr'><strong>nexuram</strong></span> <span class='ocrx_word' id='word_1_69' title='bbox 599 2252 736 2314; x_wconf 85' lang='lat' dir='ltr'><strong>quaque</strong></span> <span class='ocrx_word' id='word_1_70' title='bbox 761 2253 913 2314; x_wconf 88' lang='lat' dir='ltr'><strong>vespera,</strong></span> <span class='ocrx_word' id='word_1_71' title='bbox 938 2236 1124 2311; x_wconf 87' lang='lat' dir='ltr'><strong>antequam</strong></span> <span class='ocrx_word' id='word_1_72' title='bbox 1149 2225 1303 2295; x_wconf 90' lang='lat' dir='ltr'><strong>cubitum</strong></span> <span class='ocrx_word' id='word_1_73' title='bbox 1319 2244 1405 2304; x_wconf 91' lang='lat' dir='ltr'><strong>eam,</strong></span> 
     </span>
     <span class='ocr_line' id='line_1_15' title="bbox 408 2332 636 2416; baseline 0 -16"><span class='ocrx_word' id='word_1_74' title='bbox 408 2332 636 2416; x_wconf 86' lang='lat' dir='ltr'><strong>provertere.’&#39;</strong></span> 
     </span>
    </p>
   </div>
   <div class='ocr_carea' id='block_1_3' title="bbox 491 2448 869 2532">
    <p class='ocr_par' dir='ltr' id='par_1_8' title="bbox 491 2448 869 2532">
     <span class='ocr_line' id='line_1_16' title="bbox 491 2448 869 2532; baseline 0.003 -15"><span class='ocrx_word' id='word_1_75' title='bbox 491 2448 669 2518; x_wconf 87' lang='lat' dir='ltr'><strong>Allevatus</strong></span> <span class='ocrx_word' id='word_1_76' title='bbox 683 2449 869 2532; x_wconf 84' lang='lat' dir='ltr'><strong>susperavi.</strong></span> 
     </span>
    </p>
   </div>
   <div class='ocr_carea' id='block_1_4' title="bbox 408 2547 1407 2819">
    <p class='ocr_par' dir='ltr' id='par_1_9' title="bbox 408 2547 1407 2819">
     <span class='ocr_line' id='line_1_17' title="bbox 492 2547 1092 2632; baseline 0.002 -15"><span class='ocrx_word' id='word_1_77' title='bbox 492 2547 618 2618; x_wconf 88' lang='lat' dir='ltr'><strong>“Estne</strong></span> <span class='ocrx_word' id='word_1_78' title='bbox 633 2571 763 2618; x_wconf 86' lang='lat' dir='ltr'><strong>nexura</strong></span> <span class='ocrx_word' id='word_1_79' title='bbox 779 2571 941 2632; x_wconf 86' lang='lat' dir='ltr'><strong>proversa</strong></span> <span class='ocrx_word' id='word_1_80' title='bbox 955 2571 1046 2618; x_wconf 91' lang='lat' dir='ltr'><strong>nunc</strong></span> <span class='ocrx_word' id='word_1_81' title='bbox 1055 2548 1092 2618; x_wconf 67' lang='lat' dir='ltr'><strong>P’</strong></span> 
     </span>
     <span class='ocr_line' id='line_1_18' title="bbox 492 2642 1407 2731; baseline -0.007 -14"><span class='ocrx_word' id='word_1_82' title='bbox 492 2647 583 2731; x_wconf 72' lang='lat' dir='ltr'><strong>“Est</strong></span> <span class='ocrx_word' id='word_1_83' title='bbox 599 2671 690 2731; x_wconf 87' lang='lat' dir='ltr'><strong>sane,</strong></span> <span class='ocrx_word' id='word_1_84' title='bbox 699 2649 746 2718; x_wconf 90' lang='lat' dir='ltr'><strong>mi</strong></span> <span class='ocrx_word' id='word_1_85' title='bbox 756 2649 855 2719; x_wconf 89' lang='lat' dir='ltr'><strong>Here.</strong></span> <span class='ocrx_word' id='word_1_86' title='bbox 868 2650 949 2719; x_wconf 83' lang='lat' dir='ltr'><strong>Post</strong></span> <span class='ocrx_word' id='word_1_87' title='bbox 960 2670 1000 2718; x_wconf 93' lang='lat' dir='ltr'><strong>ea</strong></span> <span class='ocrx_word' id='word_1_88' title='bbox 1013 2669 1092 2731; x_wconf 88' lang='lat' dir='ltr'><strong>quae</strong></span> <span class='ocrx_word' id='word_1_89' title='bbox 1102 2667 1303 2716; x_wconf 86' lang='lat' dir='ltr'><strong>narraveras</strong></span> <span class='ocrx_word' id='word_1_90' title='bbox 1313 2642 1407 2713; x_wconf 90' lang='lat' dir='ltr'><strong>haud</strong></span> 
     </span>
     <span class='ocr_line' id='line_1_19' title="bbox 408 2749 1049 2819; baseline -0.002 -1"><span class='ocrx_word' id='word_1_91' title='bbox 408 2755 483 2818; x_wconf 89' lang='lat' dir='ltr'><strong>erat</strong></span> <span class='ocrx_word' id='word_1_92' title='bbox 496 2749 686 2819; x_wconf 88' lang='lat' dir='ltr'><strong>verosimile</strong></span> <span class='ocrx_word' id='word_1_93' title='bbox 700 2750 735 2818; x_wconf 94' lang='lat' dir='ltr'><strong>id</strong></span> <span class='ocrx_word' id='word_1_94' title='bbox 749 2750 892 2819; x_wconf 91' lang='lat' dir='ltr'><strong>oblitum</strong></span> <span class='ocrx_word' id='word_1_95' title='bbox 906 2772 962 2819; x_wconf 89' lang='lat' dir='ltr'><strong>me</strong></span> <span class='ocrx_word' id='word_1_96' title='bbox 976 2749 1049 2818; x_wconf 83' lang='lat' dir='ltr'><strong>iri.&#39;’</strong></span> 
     </span>
    </p>
   </div>
   <div class='ocr_carea' id='block_1_5' title="bbox 409 2865 1407 3251">
    <p class='ocr_par' dir='ltr' id='par_1_10' title="bbox 492 2865 1204 2949">
     <span class='ocr_line' id='line_1_20' title="bbox 492 2865 1204 2949; baseline -0.004 -13"><span class='ocrx_word' id='word_1_97' title='bbox 492 2865 640 2936; x_wconf 91' lang='lat' dir='ltr'><strong>“Ratum</strong></span> <span class='ocrx_word' id='word_1_98' title='bbox 655 2867 758 2936; x_wconf 88' lang='lat' dir='ltr'><strong>etiam</strong></span> <span class='ocrx_word' id='word_1_99' title='bbox 773 2874 861 2936; x_wconf 90' lang='lat' dir='ltr'><strong>esset</strong></span> <span class='ocrx_word' id='word_1_100' title='bbox 876 2873 911 2936; x_wconf 88' lang='lat' dir='ltr'><strong>te</strong></span> <span class='ocrx_word' id='word_1_101' title='bbox 926 2867 1088 2949; x_wconf 87' lang='lat' dir='ltr'><strong>armare,”</strong></span> <span class='ocrx_word' id='word_1_102' title='bbox 1105 2865 1204 2936; x_wconf 87' lang='lat' dir='ltr'><strong>suasi.</strong></span> 
     </span>
    </p>

    <p class='ocr_par' dir='ltr' id='par_1_11' title="bbox 493 2966 1038 3050">
     <span class='ocr_line' id='line_1_21' title="bbox 493 2966 1038 3050; baseline 0 -14"><span class='ocrx_word' id='word_1_103' title='bbox 493 2966 631 3038; x_wconf 90' lang='lat' dir='ltr'><strong>“Habeo</strong></span> <span class='ocrx_word' id='word_1_104' title='bbox 647 2989 783 3038; x_wconf 92' lang='lat' dir='ltr'><strong>mecum</strong></span> <span class='ocrx_word' id='word_1_105' title='bbox 797 2968 1038 3050; x_wconf 79' lang='lat' dir='ltr'><strong>selopellum.”²</strong></span> 
     </span>
    </p>

    <p class='ocr_par' dir='ltr' id='par_1_12' title="bbox 409 3065 1407 3251">
     <span class='ocr_line' id='line_1_22' title="bbox 493 3065 1407 3151; baseline -0.004 -14"><span class='ocrx_word' id='word_1_106' title='bbox 493 3066 662 3151; x_wconf 80' lang='lat' dir='ltr'><strong>“Egregie</strong></span> <span class='ocrx_word' id='word_1_107' title='bbox 675 3075 736 3138; x_wconf 92' lang='lat' dir='ltr'><strong>est.</strong></span> <span class='ocrx_word' id='word_1_108' title='bbox 759 3069 831 3137; x_wconf 84' lang='lat' dir='ltr'><strong>Nec</strong></span> <span class='ocrx_word' id='word_1_109' title='bbox 846 3090 887 3138; x_wconf 93' lang='lat' dir='ltr'><strong>eo</strong></span> <span class='ocrx_word' id='word_1_110' title='bbox 901 3068 954 3136; x_wconf 89' lang='lat' dir='ltr'><strong>uti</strong></span> <span class='ocrx_word' id='word_1_111' title='bbox 969 3067 1114 3137; x_wconf 87' lang='lat' dir='ltr'><strong>dubites.</strong></span> <span class='ocrx_word' id='word_1_112' title='bbox 1150 3068 1182 3136; x_wconf 95' lang='lat' dir='ltr'>N</span> <span class='ocrx_word' id='word_1_113' title='bbox 1185 3087 1252 3134; x_wconf 89' lang='lat' dir='ltr'><strong>unc</strong></span> <span class='ocrx_word' id='word_1_114' title='bbox 1267 3065 1407 3134; x_wconf 89' lang='lat' dir='ltr'><strong>domurn</strong></span> 
     </span>
     <span class='ocr_line' id='line_1_23' title="bbox 409 3167 1104 3251; baseline -0.001 -13"><span class='ocrx_word' id='word_1_115' title='bbox 409 3189 465 3238; x_wconf 91' lang='lat' dir='ltr'><strong>me</strong></span> <span class='ocrx_word' id='word_1_116' title='bbox 480 3169 655 3238; x_wconf 80' lang='lat' dir='ltr'><strong>conteram</strong></span> <span class='ocrx_word' id='word_1_117' title='bbox 671 3168 779 3238; x_wconf 88' lang='lat' dir='ltr'><strong>lassus</strong></span> <span class='ocrx_word' id='word_1_118' title='bbox 793 3174 919 3251; x_wconf 86' lang='lat' dir='ltr'><strong>praeter</strong></span> <span class='ocrx_word' id='word_1_119' title='bbox 933 3167 1104 3237; x_wconf 89' lang='lat' dir='ltr'><strong>modum.’&#39;</strong></span> 
     </span>
    </p>
   </div>
   <div class='ocr_carea' id='block_1_6' title="bbox 492 3283 1408 3469">
    <p class='ocr_par' dir='ltr' id='par_1_13' title="bbox 492 3283 1408 3469">
     <span class='ocr_line' id='line_1_24' title="bbox 493 3283 1254 3369; baseline -0.001 -15"><span class='ocrx_word' id='word_1_120' title='bbox 493 3283 616 3355; x_wconf 87' lang='lat' dir='ltr'><strong>“Visne</strong></span> <span class='ocrx_word' id='word_1_121' title='bbox 630 3285 797 3369; x_wconf 87' lang='lat' dir='ltr'><strong>pilentum</strong></span> <span class='ocrx_word' id='word_1_122' title='bbox 812 3285 1024 3354; x_wconf 90' lang='lat' dir='ltr'><strong>meritorium</strong></span> <span class='ocrx_word' id='word_1_123' title='bbox 1039 3306 1208 3355; x_wconf 88' lang='lat' dir='ltr'><strong>accersam</strong></span> <span class='ocrx_word' id='word_1_124' title='bbox 1217 3284 1254 3353; x_wconf 76' lang='lat'><strong>?”</strong></span> 
     </span>
     <span class='ocr_line' id='line_1_25' title="bbox 492 3384 1408 3469; baseline -0.004 -14"><span class='ocrx_word' id='word_1_125' title='bbox 492 3384 610 3469; x_wconf 91' lang='lat' dir='ltr'><strong>“Noli;</strong></span> <span class='ocrx_word' id='word_1_126' title='bbox 642 3384 829 3456; x_wconf 87' lang='lat' dir='ltr'><strong>ambulatio</strong></span> <span class='ocrx_word' id='word_1_127' title='bbox 854 3386 998 3456; x_wconf 88' lang='lat' dir='ltr'><strong>salubris</strong></span> <span class='ocrx_word' id='word_1_128' title='bbox 1021 3387 1095 3455; x_wconf 91' lang='lat' dir='ltr'><strong>erit.</strong></span> <span class='ocrx_word' id='word_1_129' title='bbox 1117 3386 1200 3455; x_wconf 90' lang='lat' dir='ltr'><strong>Cras</strong></span> <span class='ocrx_word' id='word_1_130' title='bbox 1225 3392 1259 3454; x_wconf 91' lang='lat' dir='ltr'><strong>te</strong></span> <span class='ocrx_word' id='word_1_131' title='bbox 1287 3405 1408 3454; x_wconf 90' lang='lat' dir='ltr'><strong>conve·</strong></span> 
     </span>
    </p>
   </div>
   <div class='ocr_carea' id='block_1_7' title="bbox 436 3486 533 3515">
    <p class='ocr_par' dir='ltr' id='par_1_14' title="bbox 436 3486 533 3515">
     <span class='ocr_line' id='line_1_26' title="bbox 436 3486 533 3515; baseline -0.01 0"><span class='ocrx_word' id='word_1_132' title='bbox 436 3486 443 3500; x_wconf 87' lang='lat'>&#39;</span> <span class='ocrx_word' id='word_1_133' title='bbox 513 3487 533 3515; x_wconf 78' lang='lat' dir='ltr'><em>n</em></span> 
     </span>
    </p>
   </div>
   <div class='ocr_carea' id='block_1_8' title="bbox 409 3507 511 3556">
    <p class='ocr_par' dir='ltr' id='par_1_15' title="bbox 409 3507 511 3556">
     <span class='ocr_line' id='line_1_27' title="bbox 409 3507 511 3556; baseline 0 0"><span class='ocrx_word' id='word_1_134' title='bbox 409 3507 511 3556; x_wconf 77' lang='lat' dir='ltr'><strong>illam.</strong></span> 
     </span>
    </p>
   </div>
   <div class='ocr_carea' id='block_1_9' title="bbox 409 3719 1409 4206">
    <p class='ocr_par' dir='ltr' id='par_1_16' title="bbox 409 3719 1409 3943">
     <span class='ocr_line' id='line_1_28' title="bbox 512 3719 1408 3788; baseline -0.001 -14"><span class='ocrx_word' id='word_1_135' title='bbox 512 3722 594 3774; x_wconf 87' lang='lat' dir='ltr'><strong>1.Per</strong></span> <span class='ocrx_word' id='word_1_136' title='bbox 603 3719 812 3774; x_wconf 79' lang='lat' dir='ltr'><strong>diverticulum</strong></span> <span class='ocrx_word' id='word_1_137' title='bbox 821 3721 867 3774; x_wconf 86' lang='lat' dir='ltr'><strong>hic</strong></span> <span class='ocrx_word' id='word_1_138' title='bbox 879 3721 1005 3788; x_wconf 79' lang='lat' dir='ltr'><strong>intelligo</strong></span> <span class='ocrx_word' id='word_1_139' title='bbox 1015 3721 1137 3774; x_wconf 85' lang='lat' dir='ltr'><strong>tabulam</strong></span> <span class='ocrx_word' id='word_1_140' title='bbox 1147 3722 1175 3774; x_wconf 92' lang='lat' dir='ltr'><strong>in</strong></span> <span class='ocrx_word' id='word_1_141' title='bbox 1185 3739 1238 3788; x_wconf 88' lang='lat' dir='ltr'><strong>qua</strong></span> <span class='ocrx_word' id='word_1_142' title='bbox 1247 3723 1339 3774; x_wconf 85' lang='lat' dir='ltr'><strong>claves</strong></span> <span class='ocrx_word' id='word_1_143' title='bbox 1348 3721 1408 3773; x_wconf 79' lang='lat' dir='ltr'><strong>fixae</strong></span> 
     </span>
     <span class='ocr_line' id='line_1_29' title="bbox 410 3805 1409 3872; baseline -0.002 -14"><span class='ocrx_word' id='word_1_144' title='bbox 410 3812 474 3858; x_wconf 88' lang='lat' dir='ltr'><strong>sunt</strong></span> <span class='ocrx_word' id='word_1_145' title='bbox 488 3805 630 3866; x_wconf 81' lang='lat' dir='ltr'><strong>electricae,</strong></span> <span class='ocrx_word' id='word_1_146' title='bbox 642 3821 756 3872; x_wconf 87' lang='lat' dir='ltr'><strong>quarum</strong></span> <span class='ocrx_word' id='word_1_147' title='bbox 769 3822 819 3872; x_wconf 85' lang='lat' dir='ltr'><strong>ope</strong></span> <span class='ocrx_word' id='word_1_148' title='bbox 831 3805 928 3866; x_wconf 84' lang='lat' dir='ltr'><strong>fluxus,</strong></span> <span class='ocrx_word' id='word_1_149' title='bbox 941 3805 999 3858; x_wconf 86' lang='lat' dir='ltr'><strong>sive</strong></span> <span class='ocrx_word' id='word_1_150' title='bbox 1019 3811 1125 3858; x_wconf 86' lang='lat' dir='ltr'><strong>meatus</strong></span> <span class='ocrx_word' id='word_1_151' title='bbox 1146 3807 1290 3858; x_wconf 76' lang='lat' dir='ltr'><strong>electrinus</strong></span> <span class='ocrx_word' id='word_1_152' title='bbox 1307 3805 1409 3858; x_wconf 91' lang='lat' dir='ltr'><strong>induci·</strong></span> 
     </span>
     <span class='ocr_line' id='line_1_30' title="bbox 409 3889 824 3943; baseline 0.002 -2"><span class='ocrx_word' id='word_1_153' title='bbox 409 3895 455 3942; x_wconf 89' lang='lat' dir='ltr'><strong>tur</strong></span> <span class='ocrx_word' id='word_1_154' title='bbox 467 3895 494 3942; x_wconf 88' lang='lat' dir='ltr'><strong>et</strong></span> <span class='ocrx_word' id='word_1_155' title='bbox 506 3890 540 3942; x_wconf 83' lang='lat' dir='ltr'><strong>ad</strong></span> <span class='ocrx_word' id='word_1_156' title='bbox 552 3889 695 3942; x_wconf 86' lang='lat' dir='ltr'><strong>arbitrium</strong></span> <span class='ocrx_word' id='word_1_157' title='bbox 709 3889 824 3943; x_wconf 88' lang='lat' dir='ltr'><strong>sistitur.</strong></span> 
     </span>
    </p>

    <p class='ocr_par' dir='ltr' id='par_1_17' title="bbox 409 3972 1409 4206">
     <span class='ocr_line' id='line_1_31' title="bbox 509 3972 1408 4039; baseline -0.002 -14"><span class='ocrx_word' id='word_1_158' title='bbox 509 3976 534 4025; x_wconf 86' lang='lat'><strong>2.</strong></span> <span class='ocrx_word' id='word_1_159' title='bbox 550 3973 633 4025; x_wconf 83' lang='lat' dir='ltr'><strong>Arma</strong></span> <span class='ocrx_word' id='word_1_160' title='bbox 644 3972 782 4025; x_wconf 85' lang='lat' dir='ltr'><strong>manualia</strong></span> <span class='ocrx_word' id='word_1_161' title='bbox 793 3972 911 4039; x_wconf 75' lang='lat' dir='ltr'><strong>igniaria</strong></span> <span class='ocrx_word' id='word_1_162' title='bbox 923 3978 987 4026; x_wconf 87' lang='lat' dir='ltr'><strong>sunt</strong></span> <span class='ocrx_word' id='word_1_163' title='bbox 1004 3973 1117 4025; x_wconf 91' lang='lat' dir='ltr'><strong>duorum</strong></span> <span class='ocrx_word' id='word_1_164' title='bbox 1129 3988 1273 4038; x_wconf 67' lang='lat' dir='ltr'><strong>generum:</strong></span> <span class='ocrx_word' id='word_1_165' title='bbox 1291 3973 1408 4026; x_wconf 88' lang='lat' dir='ltr'><strong>alterum</strong></span> 
     </span>
     <span class='ocr_line' id='line_1_32' title="bbox 409 4054 1409 4123; baseline -0.001 -14"><span class='ocrx_word' id='word_1_166' title='bbox 409 4055 580 4123; x_wconf 84' lang='lat' dir='ltr'><strong>aclopetum,</strong></span> <span class='ocrx_word' id='word_1_167' title='bbox 605 4057 677 4123; x_wconf 89' lang='lat' dir='ltr'><strong>quod</strong></span> <span class='ocrx_word' id='word_1_168' title='bbox 690 4063 732 4110; x_wconf 87' lang='lat' dir='ltr'><strong>est</strong></span> <span class='ocrx_word' id='word_1_169' title='bbox 748 4056 844 4118; x_wconf 84' lang='lat' dir='ltr'><strong>maius,</strong></span> <span class='ocrx_word' id='word_1_170' title='bbox 862 4054 1033 4123; x_wconf 82' lang='lat' dir='ltr'><strong>sclopellum</strong></span> <span class='ocrx_word' id='word_1_171' title='bbox 1050 4062 1092 4110; x_wconf 85' lang='lat' dir='ltr'><strong>est</strong></span> <span class='ocrx_word' id='word_1_172' title='bbox 1109 4058 1233 4118; x_wconf 84' lang='lat' dir='ltr'><strong>alterurn,</strong></span> <span class='ocrx_word' id='word_1_173' title='bbox 1251 4057 1349 4116; x_wconf 80' lang='lat' dir='ltr'><strong>minus,</strong></span> <span class='ocrx_word' id='word_1_174' title='bbox 1366 4071 1409 4108; x_wconf 92' lang='lat' dir='ltr'><strong>cu·</strong></span> 
     </span>
     <span class='ocr_line' id='line_1_33' title="bbox 410 4139 1118 4206; baseline -0.001 -12"><span class='ocrx_word' id='word_1_175' title='bbox 410 4140 526 4194; x_wconf 84' lang='lat' dir='ltr'><strong>iusmodi</strong></span> <span class='ocrx_word' id='word_1_176' title='bbox 539 4141 568 4194; x_wconf 88' lang='lat' dir='ltr'><strong>in</strong></span> <span class='ocrx_word' id='word_1_177' title='bbox 581 4140 666 4194; x_wconf 85' lang='lat' dir='ltr'><strong>saccis</strong></span> <span class='ocrx_word' id='word_1_178' title='bbox 679 4145 727 4194; x_wconf 90' lang='lat' dir='ltr'><strong>aut</strong></span> <span class='ocrx_word' id='word_1_179' title='bbox 738 4139 847 4206; x_wconf 83' lang='lat' dir='ltr'><strong>vaginis</strong></span> <span class='ocrx_word' id='word_1_180' title='bbox 860 4141 989 4193; x_wconf 69' lang='lat' dir='ltr'><strong>conaceis</strong></span> <span class='ocrx_word' id='word_1_181' title='bbox 1005 4141 1118 4206; x_wconf 67' lang='lat' dir='ltr'><strong>geritur.</strong></span> 
     </span>
    </p>
   </div>
   <div class='ocr_carea' id='block_1_10' title="bbox 0 0 1789 5156">
    <p class='ocr_par' dir='ltr' id='par_1_18' title="bbox 0 0 1789 5156">
     <span class='ocr_line' id='line_1_34' title="bbox 0 0 1789 5156; baseline 0 0"><span class='ocrx_word' id='word_1_182' title='bbox 0 0 1789 5156; x_wconf 95' lang='lat' dir='ltr'><strong> </strong></span> 
     </span>
    </p>
   </div>
  </div>
 </body>
</html>
