3502 5158
420 823 463 890 42
682 837 892 892 mmmm
913 839 1020 894 ancre
1041 833 1159 894 noune

420 1005 546 1076 scelera
559 1027 629 1075 non
644 1027 717 1076 esse
733 1006 859 1091 poesin,
875 1007 934 1078 sed
948 1029 1044 1078 mera
1058 1013 1137 1079 acta
1149 1008 1317 1080 bellualia
1339 1009 1420 1079 For·

424 1113 514 1176 tasse
529 1106 593 1176 hoc
608 1107 670 1151 -'’

503 1207 721 1291 Telephonus
735 1230 791 1278 me
806 1209 1002 1292 appellavit

505 1306 651 1390 “Heus'’
666 1307 823 1391 respondi
838 1308 975 1379 sublato
990 1310 1242 1381 auscultatorio.

504 1406 624 1478 “Tune
640 1409 668 1478 is
681 1431 728 1491 es,
744 1409 834 1479 Here
850 1409 1007 1480 Lester?”
1030 1411 1154 1493 quaerit
1170 1433 1248 1481 von

503 1507 600 1591 “Ego
615 1509 724 1578 sum.”

502 1607 587 1678 “Hic
601 1608 710 1678 Parks
724 1611 808 1692 est,”
824 1610 1050 1693 protinusque
1075 1611 1165 1680 sensi
1189 1633 1309 1681 vocem
1334 1611 1417 1695 eius,

418 1731 497 1794 quae
511 1710 658 1779 tremula
682 1716 718 1778 et
743 1731 847 1780 rauca
871 1717 946 1780 erat
970 1711 1119 1793 quodam
1140 1711 1244 1780 animi
1259 1711 1417 1795 impulsu,

417 1833 472 1880 me
487 1832 556 1879 non
571 1811 762 1892 agnovisse.
799 1808 910 1880 “Here
935 1813 994 1892 mi,
1020 1833 1179 1893 possesne
1194 1811 1273 1894 huc,
1299 1812 1334 1882 in
1360 1812 1417 1882 do

420 1931 527 1993 mum,
542 1911 714 1993 extemplo
734 1910 894 1980 venirel”

500 2008 695 2093 “Possum''
710 2010 885 2094 respondit
897 2010 1052 2093 miratus,
1080 2009 1128 2080 “si
1143 2009 1178 2080 id
1192 2013 1309 2094 magni
1325 2013 1413 2082 refe-

417 2119 480 2182 rat
503 2112 660 2181 Herusne
674 2111 823 2181 Vantine
839 2133 895 2181 me
910 2110 1023 2180 vult?”

499 2210 647 2282 “Omnes
660 2219 695 2281 te
710 2213 870 2281 volumus
879 2210 908 2280 l''
923 2211 1033 2280 refert
1047 2231 1125 2292 vox,
1134 2217 1170 2279 et
1180 2210 1215 2279 in
1227 2211 1414 2294 singultum

415 2313 574 2396 erumpit.
611 2311 697 2382 “Per
723 2312 811 2382 Deos
837 2312 1054 2395 immortales,
1078 2311 1169 2381 Here
1192 2312 1320 2395 Lester,
1335 2316 1415 2384 veni

414 2413 627 2483 contestim.''

499 2512 646 2596 “Bene’'
655 2514 811 2596 respondi
824 2513 896 2583 sine
910 2513 1063 2584 ulteriori
1071 2514 1353 2598 verbigeratione,
1367 2513 1417 2582 in·

413 2615 527 2685 tellexi
542 2615 632 2683 enim
649 2636 728 2683 eum
741 2615 810 2683 iarn
825 2615 918 2684 nullo
939 2614 1041 2683 modo
1056 2636 1129 2686 csse
1145 2616 1197 2686 sui
1212 2621 1413 2698 compotem.

413 2714 572 2798 “Aliquid
586 2714 678 2797 apud
694 2713 842 2784 Vantine
867 2713 1029 2784 accidisse
1054 2715 1224 2797 videtur,'’
1250 2715 1413 2785 docebam

412 2815 574 2897 Godirey,
597 2821 637 2884 ut
663 2815 946 2885 auscultatorium
971 2815 1127 2898 appendi.
1165 2815 1295 2886 “Parks
1316 2837 1414 2900 paene

412 2923 511 2986 extra
525 2937 562 2984 se
577 2921 639 2998 est,
655 2937 780 2999 meque
794 2915 882 2984 illico
903 2915 1065 2985 advenire
1089 2913 1255 2998 flagitat?
1281 2922 1317 2985 et
1342 2916 1413 2985 sine

413 3037 509 3086 mora
524 3037 622 3086 sumo
637 3016 764 3099 pileum
780 3015 984 3097 laenamque¹
1000 3015 1220 3102 discessurus.

495 3115 618 3185 “Visne
632 3116 736 3185 etiam
753 3137 818 3198 ego
833 3123 949 3186 tecum
964 3115 1078 3184 ea1n?”
1093 3122 1194 3197 rogat
1209 3115 1370 3199 Godirey.

493 3215 636 3285 Pressus
657 3215 796 3298 quidem
810 3222 851 3284 ut
866 3237 959 3284 eram
985 3236 1101 3284 rerum
1127 3216 1309 3298 gravitate,
1332 3216 1413 3286 risui

411 3323 612 3400 temperare,
627 3316 746 3385 audita
761 3315 960 3398 questione,
976 3322 1011 3384 et
1026 3315 1128 3385 modo
1153 3336 1229 3384 eam
1254 3316 1411 3400 ponendi,

409 3437 479 3486 non
494 3423 660 3499 poteram.

493 3515 628 3586 “Satius
657 3517 804 3586 fortasse
831 3515 984 3599 feceris,’'
1017 3515 1184 3599 respondi.
1228 3513 1410 3585 “Invitatio

409 3637 550 3700 prorsus
565 3617 652 3686 serio
668 3616 842 3686 sonabat.'’
940 3607 944 3624 '

491 3716 688 3787 Tollenone²
702 3719 772 3787 unzi
787 3714 1032 3798 descendimus,
1047 3737 1087 3785 ac
1102 3713 1169 3785 tria
1183 3715 1319 3785 minuta
1334 3723 1410 3800 post

505 3971 529 4020 1.
547 3966 647 4030 Lena,
664 3967 759 4022 tunica
772 3969 902 4035 superior,
920 3967 1014 4020 levior.

507 4053 531 4104 z
552 4049 676 4114 Tolleno,
698 4051 959 4114 machinamentum,
972 4050 1044 4118 quod
1057 4049 1191 4112 homines,
1204 4051 1247 4102 vel
1261 4066 1352 4114 onera,
1379 4051 1407 4105 in

412 4135 529 4188 sublime
542 4135 624 4197 tollit,
639 4141 687 4189 aut
700 4136 835 4198 demittit;
853 4141 895 4189 est
908 4136 1069 4189 Romanum.
