3502 5158
429 863 469 932 18
690 877 898 931 nrsrumun
921 878 1028 930 rnen
1051 871 1169 931 nomn

512 1044 773 1129 “Quisquamne
786 1044 971 1116 intravit?’'

512 1143 644 1214 “Nemo
660 1145 862 1228 quisquam;
884 1145 1010 1214 ostium
1041 1167 1152 1215 seram
1178 1146 1249 1214 fert
1275 1147 1432 1215 recellen-

429 1252 509 1315 tem.
533 1245 754 1314 Extrinsecus
767 1245 832 1314 nisi
847 1245 935 1314 clavi
950 1245 1093 1314 reserari
1108 1245 1258 1328 nequit”

512 1343 635 1415 “Certo
650 1345 758 1428 igitur
773 1345 836 1414 tibi
849 1351 996 1426 constat,
1022 1344 1105 1414 dum
1118 1351 1158 1415 tu
1174 1353 1278 1429 atque
1301 1345 1432 1429 Rogers

427 1445 473 1515 ibi
488 1445 656 1518 sedebatis
669 1443 839 1513 neminem
866 1451 927 1513 aut
951 1443 1083 1526 ingredi
1107 1452 1169 1514 aut
1194 1445 1310 1528 egredi
1332 1452 1431 1528 potu-

426 1545 523 1614 rsse.”

512 1643 592 1713 “Ne
609 1644 738 1728 postica
754 1643 892 1726 quidem
918 1644 1031 1726 ianua,
1057 1644 1103 1712 mi
1130 1644 1240 1724 Here;
1277 1666 1357 1714 nam
1387 1645 1430 1715 ad

427 1744 672 1828 egrediendum
687 1743 772 1824 illac,
789 1743 983 1826 triclinium,
997 1742 1054 1813 ubi
1064 1766 1127 1813 nos
1149 1745 1359 1827 sedebamus,
1375 1745 1431 1814 de·

427 1847 485 1915 bet
502 1844 669 1915 transiri.’'

491 1941 492 1945 ’
511 1943 600 2015 “Ubi
615 1944 752 2014 interim
767 1951 867 2013 erant
881 1944 996 2013 caeteri
1011 1945 1169 2015 famuli?”

512 2044 620 2114 “Coca
635 2051 709 2114 erat
722 2044 758 2113 in
774 2043 895 2126 culina,
912 2044 1011 2113 Here.
1022 2043 1101 2113 Dies
1115 2053 1233 2114 autem
1247 2043 1431 2114 hodiernus

428 2146 559 2216 ancillae
572 2145 719 2214 feriatus
734 2145 817 2214 est.”

514 2245 722 2315 Mortuarius
737 2244 910 2313 conticuit.
934 2245 1085 2327 Godfrey
1109 2251 1213 2326 atque
1239 2244 1431 2315 Simmonds

429 2347 522 2416 taciti
538 2346 823 2414 auscultaverunt
850 2345 924 2413 eius
949 2344 1208 2427 disquisitiones,
1233 2354 1358 2415 neuter
1382 2352 1431 2414 ta·

429 2467 508 2515 men
523 2453 599 2515 erat
613 2445 713 2514 iners.
737 2445 795 2514 lsti
812 2444 942 2514 interea
957 2445 1116 2514 conclave
1141 2445 1287 2515 molliter
1301 2467 1432 2528 peram·

429 2546 602 2626 bulabant,
620 2546 897 2627 introspexerunt
912 2567 973 2626 per
995 2546 1133 2614 ianuam
1158 2553 1313 2628 apertam
1340 2545 1432 2615 cubi-

428 2648 544 2716 culum
571 2647 783 2728 contiguum
809 2652 990 2714 tentarunt
1015 2645 1166 2727 pessulos
1189 2646 1431 2727 fenestrarum,

429 2769 477 2828 ac,
495 2746 651 2828 denique,
665 2753 798 2828 tapetas
813 2766 950 2827 quoque
963 2744 1156 2813 minutatim
1167 2744 1430 2828 indagaverunt.

513 2844 588 2915 “Ad
605 2867 706 2928 quem
734 2867 834 2914 usum
862 2843 1045 2914 adhibetur
1065 2843 1262 2915 cubiculum
1277 2845 1432 2928 contigu-

430 2946 528 3017 um?”
545 2945 669 3029 quaerit
684 2945 846 3028 Godfrey,
863 2944 970 3028 digito
985 2945 1123 3014 ianuam
1138 2945 1213 3014 eius
1227 2944 1389 3015 indicans.

515 3045 574 3115 “ld
589 3045 691 3113 modo
707 3066 817 3127 genus
842 3052 895 3113 est
918 3043 1088 3126 fomicis,”
1115 3044 1288 3127 respondit
1314 3045 1431 3114 Parks.

431 3145 565 3215 “Herus
579 3145 727 3214 Vantine
743 3145 842 3213 modo
858 3153 910 3213 est
926 3165 968 3212 ex
984 3143 1120 3226 Europa
1135 3165 1303 3227 reversus,
1320 3151 1355 3214 et
1370 3165 1432 3214 nos

431 3246 476 3317 ibi
491 3246 708 3316 evasavimus
724 3245 888 3326 quasdam
904 3265 959 3312 res
974 3265 1061 3325 quas
1086 3243 1157 3326 ipse
1184 3245 1320 3327 peregri
1346 3265 1432 3327 prae·

432 3346 651 3416 stinaverat.”

515 3444 628 3525 “Haec,
655 3453 749 3526 puto,
780 3443 978 3526 sufficient?
1001 3443 1098 3512 fatur
1124 3442 1334 3527 Goldberger
1354 3451 1432 3526 post

431 3546 571 3616 brevem
587 3565 726 3613 moram.
761 3542 881 3624 “Velis
908 3565 1002 3625 rogO,
1026 3543 1147 3612 herum
1162 3541 1310 3613 Vantine
1327 3543 1432 3612 intro

431 3645 597 3714 mittere.”

389 3796 390 3800 ,
514 3744 622 3813 Parks
637 3743 794 3827 prodivit,
811 3764 850 3811 ac
865 3742 998 3812 minuto
1024 3749 1101 3826 post
1115 3743 1264 3812 Vantine
1279 3743 1431 3812 intravit

432 3845 508 3927 Ipse
524 3866 564 3913 ea
581 3864 659 3925 quae
672 3864 739 3926 ego
755 3851 790 3912 et
806 3842 915 3912 Parks
939 3842 1022 3911 fassi
1048 3863 1176 3924 sumus,
1202 3842 1430 3924 confirmavit,

431 3945 569 4014 unicam
583 3951 699 4012 tamen
716 3964 788 4012 rem
803 3941 942 4011 addidit.

515 4042 588 4112 “En
602 4043 656 4112 hie
670 4050 722 4112 est
738 4043 871 4126 pagella
886 4041 1153 4112 nomenclatoria
1168 4041 1344 4124 hominis,”
1371 4042 1430 4122 ait,

432 4164 603 4226 manuque
620 4142 764 4224 rigidam
778 4143 969 4211 chartulam
984 4142 1188 4224 quadratam
1203 4139 1336 4210 obtulit.
