<?xml version="1.0" encoding="UTF-8"?>
<!DOCTYPE html PUBLIC "-//W3C//DTD XHTML 1.0 Transitional//EN"
    "http://www.w3.org/TR/xhtml1/DTD/xhtml1-transitional.dtd">
<html xmlns="http://www.w3.org/1999/xhtml" xml:lang="en" lang="en">
 <head>
  <title>
</title>
<meta http-equiv="Content-Type" content="text/html;charset=utf-8" />
  <meta name='ocr-system' content='tesseract 3.04.00' />
  <meta name='ocr-capabilities' content='ocr_page ocr_carea ocr_par ocr_line ocrx_word'/>
</head>
<body>
  <div class='ocr_page' id='page_1' title='image "./mysteriumarcbou00mogygoog/mysteriumarcbou00mogygoog_0206.png"; bbox 0 0 3536 5156; ppageno 0'>
   <div class='ocr_carea' id='block_1_1' title="bbox 594 909 1330 980">
    <p class='ocr_par' dir='ltr' id='par_1_1' title="bbox 594 909 1330 980">
     <span class='ocr_line' id='line_1_1' title="bbox 594 909 1330 980; baseline -0.004 0"><span class='ocrx_word' id='word_1_1' title='bbox 594 923 1070 980; x_wconf 74' lang='lat' dir='ltr'><strong>noommcnssmnnuun</strong></span> <span class='ocrx_word' id='word_1_2' title='bbox 1269 909 1330 980; x_wconf 87' lang='grc'><strong>191</strong></span> 
     </span>
    </p>
   </div>
   <div class='ocr_carea' id='block_1_2' title="bbox 337 1091 1339 1679">
    <p class='ocr_par' dir='ltr' id='par_1_2' title="bbox 337 1091 1339 1478">
     <span class='ocr_line' id='line_1_2' title="bbox 337 1091 1339 1179; baseline -0.005 -14"><span class='ocrx_word' id='word_1_3' title='bbox 337 1116 546 1179; x_wconf 92' lang='lat' dir='ltr'><strong>quemquam</strong></span> <span class='ocrx_word' id='word_1_4' title='bbox 561 1093 668 1176; x_wconf 87' lang='lat' dir='ltr'><strong>infligi</strong></span> <span class='ocrx_word' id='word_1_5' title='bbox 682 1100 813 1177; x_wconf 88' lang='lat' dir='ltr'><strong>posset;</strong></span> <span class='ocrx_word' id='word_1_6' title='bbox 834 1093 951 1175; x_wconf 84' lang='lat' dir='ltr'><strong>itaque</strong></span> <span class='ocrx_word' id='word_1_7' title='bbox 977 1092 1090 1162; x_wconf 88' lang='lat' dir='ltr'><strong>exitus</strong></span> <span class='ocrx_word' id='word_1_8' title='bbox 1112 1091 1339 1176; x_wconf 86' lang='lat' dir='ltr'><strong>inquisitionis</strong></span> 
     </span>
     <span class='ocr_line' id='line_1_3' title="bbox 338 1192 1338 1276; baseline -0.003 -11"><span class='ocrx_word' id='word_1_9' title='bbox 338 1196 409 1265; x_wconf 83' lang='lat' dir='ltr'><strong>fuit</strong></span> <span class='ocrx_word' id='word_1_10' title='bbox 425 1195 594 1264; x_wconf 88' lang='lat' dir='ltr'><strong>sententia</strong></span> <span class='ocrx_word' id='word_1_11' title='bbox 616 1195 807 1263; x_wconf 86' lang='lat' dir='ltr'><strong>iuratorum</strong></span> <span class='ocrx_word' id='word_1_12' title='bbox 832 1192 1027 1276; x_wconf 86' lang='lat' dir='ltr'><strong>Philippum</strong></span> <span class='ocrx_word' id='word_1_13' title='bbox 1052 1192 1211 1274; x_wconf 89' lang='lat' dir='ltr'><strong>Vantine‚</strong></span> <span class='ocrx_word' id='word_1_14' title='bbox 1233 1199 1338 1274; x_wconf 91' lang='lat' dir='ltr'><strong>atque</strong></span> 
     </span>
     <span class='ocr_line' id='line_1_4' title="bbox 340 1292 1339 1378; baseline -0.004 -13"><span class='ocrx_word' id='word_1_15' title='bbox 340 1295 525 1378; x_wconf 78' lang='lat' dir='ltr'><strong>Georgium</strong></span> <span class='ocrx_word' id='word_1_16' title='bbox 552 1295 681 1364; x_wconf 89' lang='lat' dir='ltr'><strong>Drouet</strong></span> <span class='ocrx_word' id='word_1_17' title='bbox 706 1301 860 1363; x_wconf 91' lang='lat' dir='ltr'><strong>mortuos</strong></span> <span class='ocrx_word' id='word_1_18' title='bbox 885 1314 1017 1362; x_wconf 92' lang='lat' dir='ltr'><strong>veneno</strong></span> <span class='ocrx_word' id='word_1_19' title='bbox 1043 1313 1126 1375; x_wconf 85' lang='lat' dir='ltr'><strong>esse,</strong></span> <span class='ocrx_word' id='word_1_20' title='bbox 1152 1292 1196 1361; x_wconf 94' lang='lat' dir='ltr'><strong>ab</strong></span> <span class='ocrx_word' id='word_1_21' title='bbox 1226 1292 1339 1374; x_wconf 89' lang='lat' dir='ltr'><strong>aliquo</strong></span> 
     </span>
     <span class='ocr_line' id='line_1_5' title="bbox 340 1393 976 1478; baseline -0.005 -13"><span class='ocrx_word' id='word_1_22' title='bbox 340 1396 467 1478; x_wconf 81' lang='lat' dir='ltr'><strong>ignoto,</strong></span> <span class='ocrx_word' id='word_1_23' title='bbox 483 1395 539 1464; x_wconf 92' lang='lat' dir='ltr'><strong>vel</strong></span> <span class='ocrx_word' id='word_1_24' title='bbox 554 1394 722 1477; x_wconf 88' lang='lat' dir='ltr'><strong>aliquibus</strong></span> <span class='ocrx_word' id='word_1_25' title='bbox 735 1394 870 1476; x_wconf 83' lang='lat' dir='ltr'><strong>ignotis,</strong></span> <span class='ocrx_word' id='word_1_26' title='bbox 886 1393 976 1462; x_wconf 91' lang='lat' dir='ltr'><strong>dato.</strong></span> 
     </span>
    </p>

    <p class='ocr_par' dir='ltr' id='par_1_3' title="bbox 343 1491 1338 1679">
     <span class='ocr_line' id='line_1_6' title="bbox 425 1491 1338 1576; baseline -0.002 -12"><span class='ocrx_word' id='word_1_27' title='bbox 425 1495 509 1565; x_wconf 91' lang='lat' dir='ltr'><strong>Mihi</strong></span> <span class='ocrx_word' id='word_1_28' title='bbox 534 1496 628 1564; x_wconf 82' lang='lat' dir='ltr'><strong>foras</strong></span> <span class='ocrx_word' id='word_1_29' title='bbox 653 1495 749 1563; x_wconf 89' lang='lat' dir='ltr'><strong>eunti</strong></span> <span class='ocrx_word' id='word_1_30' title='bbox 775 1493 927 1575; x_wconf 83' lang='lat' dir='ltr'><strong>Godtrey</strong></span> <span class='ocrx_word' id='word_1_31' title='bbox 951 1515 986 1562; x_wconf 86' lang='lat' dir='ltr'><strong>se</strong></span> <span class='ocrx_word' id='word_1_32' title='bbox 1010 1491 1176 1576; x_wconf 87' lang='lat' dir='ltr'><strong>adiunxit,</strong></span> <span class='ocrx_word' id='word_1_33' title='bbox 1200 1513 1338 1575; x_wconf 88' lang='lat' dir='ltr'><strong>unaque</strong></span> 
     </span>
     <span class='ocr_line' id='line_1_7' title="bbox 343 1595 731 1679; baseline -0.005 -14"><span class='ocrx_word' id='word_1_34' title='bbox 343 1597 472 1679; x_wconf 84' lang='lat' dir='ltr'><strong>gradus</strong></span> <span class='ocrx_word' id='word_1_35' title='bbox 486 1595 731 1665; x_wconf 84' lang='lat' dir='ltr'><strong>descendimus</strong></span> 
     </span>
    </p>
   </div>
   <div class='ocr_carea' id='block_1_3' title="bbox 341 1710 1342 2294">
    <p class='ocr_par' dir='ltr' id='par_1_4' title="bbox 341 1710 1342 2294">
     <span class='ocr_line' id='line_1_8' title="bbox 425 1710 1339 1782; baseline -0.004 0"><span class='ocrx_word' id='word_1_36' title='bbox 425 1712 574 1782; x_wconf 88' lang='lat' dir='ltr'><strong>“Audire</strong></span> <span class='ocrx_word' id='word_1_37' title='bbox 589 1710 780 1782; x_wconf 89' lang='lat' dir='ltr'><strong>Simmonds</strong></span> <span class='ocrx_word' id='word_1_38' title='bbox 795 1711 963 1780; x_wconf 88' lang='lat' dir='ltr'><strong>dicentem</strong></span> <span class='ocrx_word' id='word_1_39' title='bbox 984 1711 1157 1780; x_wconf 86' lang='lat' dir='ltr'><strong>decuriam</strong></span> <span class='ocrx_word' id='word_1_40' title='bbox 1182 1710 1339 1779; x_wconf 90' lang='lat' dir='ltr'><strong>lictorum</strong></span> 
     </span>
     <span class='ocr_line' id='line_1_9' title="bbox 341 1809 1341 1895; baseline -0.004 -13"><span class='ocrx_word' id='word_1_41' title='bbox 341 1834 512 1895; x_wconf 84' lang='lat' dir='ltr'><strong>nusquam</strong></span> <span class='ocrx_word' id='word_1_42' title='bbox 527 1833 620 1894; x_wconf 78' lang='lat' dir='ltr'><strong>esse,</strong></span> <span class='ocrx_word' id='word_1_43' title='bbox 644 1819 783 1893; x_wconf 83' lang='lat' dir='ltr'><strong>gratum</strong></span> <span class='ocrx_word' id='word_1_44' title='bbox 808 1809 891 1879; x_wconf 92' lang='lat' dir='ltr'><strong>mihi</strong></span> <span class='ocrx_word' id='word_1_45' title='bbox 917 1810 1017 1892; x_wconf 82' lang='lat' dir='ltr'><strong>fuit,”</strong></span> <span class='ocrx_word' id='word_1_46' title='bbox 1049 1811 1154 1879; x_wconf 78' lang='lat' dir='ltr'><strong>fatur.</strong></span> <span class='ocrx_word' id='word_1_47' title='bbox 1192 1809 1341 1892; x_wconf 91' lang='lat' dir='ltr'><strong>“Utique</strong></span> 
     </span>
     <span class='ocr_line' id='line_1_10' title="bbox 343 1910 1341 1994; baseline -0.004 -12"><span class='ocrx_word' id='word_1_48' title='bbox 343 1912 457 1994; x_wconf 88' lang='lat' dir='ltr'><strong>Grady</strong></span> <span class='ocrx_word' id='word_1_49' title='bbox 472 1918 616 1981; x_wconf 88' lang='lat' dir='ltr'><strong>conatur</strong></span> <span class='ocrx_word' id='word_1_50' title='bbox 630 1933 673 1980; x_wconf 87' lang='lat' dir='ltr'><strong>ex</strong></span> <span class='ocrx_word' id='word_1_51' title='bbox 689 1911 751 1980; x_wconf 93' lang='lat' dir='ltr'><strong>hoc</strong></span> <span class='ocrx_word' id='word_1_52' title='bbox 773 1917 846 1979; x_wconf 90' lang='lat' dir='ltr'><strong>toto</strong></span> <span class='ocrx_word' id='word_1_53' title='bbox 869 1931 995 1991; x_wconf 84' lang='lat' dir='ltr'><strong>exesse,</strong></span> <span class='ocrx_word' id='word_1_54' title='bbox 1018 1911 1222 1994; x_wconf 88' lang='lat' dir='ltr'><strong>culpamque</strong></span> <span class='ocrx_word' id='word_1_55' title='bbox 1244 1910 1341 1979; x_wconf 86' lang='lat' dir='ltr'><strong>alteri</strong></span> 
     </span>
     <span class='ocr_line' id='line_1_11' title="bbox 342 2009 1342 2095; baseline -0.003 -13"><span class='ocrx_word' id='word_1_56' title='bbox 342 2014 501 2095; x_wconf 86' lang='lat' dir='ltr'><strong>cuiquam</strong></span> <span class='ocrx_word' id='word_1_57' title='bbox 523 2012 605 2081; x_wconf 88' lang='lat' dir='ltr'><strong>dare</strong></span> <span class='ocrx_word' id='word_1_58' title='bbox 620 2047 661 2056; x_wconf 87' lang='grc'>-</span> <span class='ocrx_word' id='word_1_59' title='bbox 675 2011 757 2080; x_wconf 82' lang='lat' dir='ltr'><strong>faxo</strong></span> <span class='ocrx_word' id='word_1_60' title='bbox 783 2017 899 2080; x_wconf 89' lang='lat' dir='ltr'><strong>tamen</strong></span> <span class='ocrx_word' id='word_1_61' title='bbox 922 2032 965 2079; x_wconf 91' lang='lat' dir='ltr'><strong>ne</strong></span> <span class='ocrx_word' id='word_1_62' title='bbox 991 2011 1062 2092; x_wconf 88' lang='lat' dir='ltr'><strong>ipse</strong></span> <span class='ocrx_word' id='word_1_63' title='bbox 1088 2009 1223 2080; x_wconf 88' lang='lat' dir='ltr'><strong>evadat.</strong></span> <span class='ocrx_word' id='word_1_64' title='bbox 1246 2010 1342 2079; x_wconf 84' lang='lat' dir='ltr'><strong>Dabo</strong></span> 
     </span>
     <span class='ocr_line' id='line_1_12' title="bbox 343 2110 1342 2196; baseline -0.003 -13"><span class='ocrx_word' id='word_1_65' title='bbox 343 2135 480 2196; x_wconf 89' lang='lat' dir='ltr'><strong>operam</strong></span> <span class='ocrx_word' id='word_1_66' title='bbox 494 2118 536 2181; x_wconf 93' lang='lat' dir='ltr'><strong>ut</strong></span> <span class='ocrx_word' id='word_1_67' title='bbox 550 2111 613 2194; x_wconf 87' lang='lat' dir='ltr'><strong>ipsi</strong></span> <span class='ocrx_word' id='word_1_68' title='bbox 643 2111 833 2180; x_wconf 88' lang='lat' dir='ltr'><strong>Simmonds</strong></span> <span class='ocrx_word' id='word_1_69' title='bbox 862 2131 1023 2179; x_wconf 89' lang='lat' dir='ltr'><strong>mensura</strong></span> <span class='ocrx_word' id='word_1_70' title='bbox 1046 2132 1089 2178; x_wconf 89' lang='lat' dir='ltr'><strong>ex</strong></span> <span class='ocrx_word' id='word_1_71' title='bbox 1110 2132 1209 2192; x_wconf 87' lang='lat' dir='ltr'><strong>aequo</strong></span> <span class='ocrx_word' id='word_1_72' title='bbox 1224 2110 1285 2180; x_wconf 87' lang='lat' dir='ltr'><strong>fiat</strong></span> <span class='ocrx_word' id='word_1_73' title='bbox 1300 2145 1342 2156; x_wconf 97' lang='lat'>-</span> 
     </span>
     <span class='ocr_line' id='line_1_13' title="bbox 343 2210 1007 2294; baseline -0.006 -12"><span class='ocrx_word' id='word_1_74' title='bbox 343 2222 445 2282; x_wconf 87' lang='lat' dir='ltr'><strong>vetus</strong></span> <span class='ocrx_word' id='word_1_75' title='bbox 459 2218 500 2280; x_wconf 93' lang='lat' dir='ltr'><strong>ut</strong></span> <span class='ocrx_word' id='word_1_76' title='bbox 514 2211 579 2281; x_wconf 89' lang='lat' dir='ltr'><strong>scis</strong></span> <span class='ocrx_word' id='word_1_77' title='bbox 592 2211 662 2294; x_wconf 85' lang='lat' dir='ltr'><strong>ipse</strong></span> <span class='ocrx_word' id='word_1_78' title='bbox 678 2210 760 2278; x_wconf 92' lang='lat' dir='ltr'><strong>mihi</strong></span> <span class='ocrx_word' id='word_1_79' title='bbox 775 2210 904 2279; x_wconf 90' lang='lat' dir='ltr'><strong>amicus</strong></span> <span class='ocrx_word' id='word_1_80' title='bbox 924 2211 1007 2278; x_wconf 82' lang='lat' dir='ltr'><strong>est.’&#39;</strong></span> 
     </span>
    </p>
   </div>
   <div class='ocr_carea' id='block_1_4' title="bbox 344 2325 1346 2910">
    <p class='ocr_par' dir='ltr' id='par_1_5' title="bbox 344 2325 1343 2513">
     <span class='ocr_line' id='line_1_14' title="bbox 428 2325 1343 2411; baseline -0.002 -13"><span class='ocrx_word' id='word_1_81' title='bbox 428 2327 533 2411; x_wconf 73' lang='lat' dir='ltr'><strong>“Scio</strong></span> <span class='ocrx_word' id='word_1_82' title='bbox 550 2326 701 2411; x_wconf 92' lang='lat' dir='ltr'><strong>utique,’&#39;</strong></span> <span class='ocrx_word' id='word_1_83' title='bbox 727 2327 895 2410; x_wconf 88' lang='lat' dir='ltr'><strong>respondi,</strong></span> <span class='ocrx_word' id='word_1_84' title='bbox 912 2325 968 2396; x_wconf 91' lang='lat' dir='ltr'><strong>“at</strong></span> <span class='ocrx_word' id='word_1_85' title='bbox 982 2349 1076 2408; x_wconf 92' lang='lat' dir='ltr'><strong>vero,</strong></span> <span class='ocrx_word' id='word_1_86' title='bbox 1092 2348 1215 2409; x_wconf 91' lang='lat' dir='ltr'><strong>nonne,</strong></span> <span class='ocrx_word' id='word_1_87' title='bbox 1231 2333 1265 2396; x_wconf 88' lang='lat' dir='ltr'><strong>et</strong></span> <span class='ocrx_word' id='word_1_88' title='bbox 1281 2349 1343 2396; x_wconf 92' lang='lat' dir='ltr'><strong>nos</strong></span> 
     </span>
     <span class='ocr_line' id='line_1_15' title="bbox 344 2429 1126 2513; baseline -0.005 -15"><span class='ocrx_word' id='word_1_89' title='bbox 344 2431 408 2513; x_wconf 91' lang='lat' dir='ltr'><strong>ipsi</strong></span> <span class='ocrx_word' id='word_1_90' title='bbox 423 2450 593 2512; x_wconf 86' lang='lat' dir='ltr'><strong>nusquam</strong></span> <span class='ocrx_word' id='word_1_91' title='bbox 609 2429 759 2497; x_wconf 87' lang='lat' dir='ltr'><strong>sumus.&#39;’</strong></span> <span class='ocrx_word' id='word_1_92' title='bbox 1124 2479 1126 2484; x_wconf 66' lang='lat'><strong>,</strong></span> 
     </span>
    </p>

    <p class='ocr_par' dir='ltr' id='par_1_6' title="bbox 347 2525 1344 2809">
     <span class='ocr_line' id='line_1_16' title="bbox 429 2525 1344 2611; baseline -0.003 -12"><span class='ocrx_word' id='word_1_93' title='bbox 429 2527 576 2600; x_wconf 89' lang='lat' dir='ltr'><strong>“Saltem</strong></span> <span class='ocrx_word' id='word_1_94' title='bbox 591 2550 653 2611; x_wconf 94' lang='lat' dir='ltr'><strong>pro</strong></span> <span class='ocrx_word' id='word_1_95' title='bbox 675 2527 886 2610; x_wconf 54' lang='lat' dir='ltr'><strong>prasentia?</strong></span> <span class='ocrx_word' id='word_1_96' title='bbox 910 2526 983 2596; x_wconf 91' lang='lat' dir='ltr'><strong>risit</strong></span> <span class='ocrx_word' id='word_1_97' title='bbox 1009 2526 1171 2609; x_wconf 82' lang='lat' dir='ltr'><strong>Godfrey,</strong></span> <span class='ocrx_word' id='word_1_98' title='bbox 1198 2525 1344 2596; x_wconf 90' lang='lat' dir='ltr'><strong>“fluctus</strong></span> 
     </span>
     <span class='ocr_line' id='line_1_17' title="bbox 348 2627 1339 2710; baseline -0.002 -12"><span class='ocrx_word' id='word_1_99' title='bbox 348 2652 410 2698; x_wconf 89' lang='lat' dir='ltr'><strong>nos</strong></span> <span class='ocrx_word' id='word_1_100' title='bbox 425 2629 562 2698; x_wconf 89' lang='lat' dir='ltr'><strong>habent.</strong></span> <span class='ocrx_word' id='word_1_101' title='bbox 584 2628 707 2697; x_wconf 92' lang='lat' dir='ltr'><strong>Nonne</strong></span> <span class='ocrx_word' id='word_1_102' title='bbox 723 2634 848 2709; x_wconf 86' lang='lat' dir='ltr'><strong>tamen,</strong></span> <span class='ocrx_word' id='word_1_103' title='bbox 863 2628 909 2696; x_wconf 92' lang='lat' dir='ltr'><strong>mi</strong></span> <span class='ocrx_word' id='word_1_104' title='bbox 926 2627 1056 2709; x_wconf 89' lang='lat' dir='ltr'><strong>Lester,</strong></span> <span class='ocrx_word' id='word_1_105' title='bbox 1082 2649 1145 2696; x_wconf 92' lang='lat' dir='ltr'><strong>nos</strong></span> <span class='ocrx_word' id='word_1_106' title='bbox 1169 2628 1204 2696; x_wconf 92' lang='lat' dir='ltr'><strong>in</strong></span> <span class='ocrx_word' id='word_1_107' title='bbox 1230 2627 1339 2710; x_wconf 88' lang='lat' dir='ltr'><strong>sempi</strong></span> 
     </span>
     <span class='ocr_line' id='line_1_18' title="bbox 347 2728 1032 2809; baseline -0.003 -10"><span class='ocrx_word' id='word_1_108' title='bbox 347 2736 485 2799; x_wconf 84' lang='lat' dir='ltr'><strong>temum</strong></span> <span class='ocrx_word' id='word_1_109' title='bbox 500 2729 564 2798; x_wconf 90' lang='lat' dir='ltr'><strong>illic</strong></span> <span class='ocrx_word' id='word_1_110' title='bbox 579 2730 718 2797; x_wconf 81' lang='lat' dir='ltr'><strong>futuros</strong></span> <span class='ocrx_word' id='word_1_111' title='bbox 731 2749 800 2796; x_wconf 93' lang='lat' dir='ltr'><strong>non</strong></span> <span class='ocrx_word' id='word_1_112' title='bbox 815 2728 1032 2809; x_wconf 83' lang='lat' dir='ltr'><strong>exspectas?&#39;’</strong></span> 
     </span>
    </p>

    <p class='ocr_par' dir='ltr' id='par_1_7' title="bbox 432 2827 1346 2910">
     <span class='ocr_line' id='line_1_19' title="bbox 432 2827 1346 2910; baseline -0.002 -13"><span class='ocrx_word' id='word_1_113' title='bbox 432 2827 503 2896; x_wconf 82' lang='lat' dir='ltr'><strong>“Ex</strong></span> <span class='ocrx_word' id='word_1_114' title='bbox 518 2849 586 2910; x_wconf 93' lang='lat' dir='ltr'><strong>quo</strong></span> <span class='ocrx_word' id='word_1_115' title='bbox 601 2849 719 2897; x_wconf 91' lang='lat' dir='ltr'><strong>meum</strong></span> <span class='ocrx_word' id='word_1_116' title='bbox 734 2828 776 2896; x_wconf 90' lang='lat' dir='ltr'><strong>de</strong></span> <span class='ocrx_word' id='word_1_117' title='bbox 787 2849 866 2896; x_wconf 88' lang='lat' dir='ltr'><strong>arca</strong></span> <span class='ocrx_word' id='word_1_118' title='bbox 876 2828 982 2896; x_wconf 82' lang='lat' dir='ltr'><strong>Boule</strong></span> <span class='ocrx_word' id='word_1_119' title='bbox 994 2827 1178 2909; x_wconf 88' lang='lat' dir='ltr'><strong>displosum</strong></span> <span class='ocrx_word' id='word_1_120' title='bbox 1189 2832 1242 2896; x_wconf 91' lang='lat' dir='ltr'><strong>est</strong></span> <span class='ocrx_word' id='word_1_121' title='bbox 1252 2827 1346 2896; x_wconf 80' lang='lat' dir='ltr'><strong>theo</strong></span> 
     </span>
    </p>
   </div>
   <div class='ocr_carea' id='block_1_5' title="bbox 348 2927 1345 3098">
    <p class='ocr_par' dir='ltr' id='par_1_8' title="bbox 348 2927 1345 3098">
     <span class='ocr_line' id='line_1_20' title="bbox 348 2927 1345 3010; baseline -0.002 -12"><span class='ocrx_word' id='word_1_122' title='bbox 348 2951 451 3010; x_wconf 88' lang='lat' dir='ltr'><strong>rema,</strong></span> <span class='ocrx_word' id='word_1_123' title='bbox 467 2928 575 2997; x_wconf 91' lang='lat' dir='ltr'><strong>omnis</strong></span> <span class='ocrx_word' id='word_1_124' title='bbox 590 2949 667 3010; x_wconf 90' lang='lat' dir='ltr'><strong>spes</strong></span> <span class='ocrx_word' id='word_1_125' title='bbox 682 2950 736 2997; x_wconf 87' lang='lat' dir='ltr'><strong>me</strong></span> <span class='ocrx_word' id='word_1_126' title='bbox 751 2928 910 2997; x_wconf 90' lang='lat' dir='ltr'><strong>deseruit.</strong></span> <span class='ocrx_word' id='word_1_127' title='bbox 933 2927 1105 2997; x_wconf 84' lang='lat' dir='ltr'><strong>Caeterum</strong></span> <span class='ocrx_word' id='word_1_128' title='bbox 1132 2949 1246 2996; x_wconf 89' lang='lat' dir='ltr'><strong>arcam</strong></span> <span class='ocrx_word' id='word_1_129' title='bbox 1269 2949 1345 2996; x_wconf 88' lang='lat' dir='ltr'><strong>cras</strong></span> 
     </span>
     <span class='ocr_line' id='line_1_21' title="bbox 349 3027 785 3098; baseline -0.007 0"><span class='ocrx_word' id='word_1_130' title='bbox 349 3029 484 3098; x_wconf 91' lang='lat' dir='ltr'><strong>domino</strong></span> <span class='ocrx_word' id='word_1_131' title='bbox 499 3050 561 3097; x_wconf 90' lang='lat' dir='ltr'><strong>suo</strong></span> <span class='ocrx_word' id='word_1_132' title='bbox 576 3027 785 3097; x_wconf 87' lang='lat' dir='ltr'><strong>restituam.”</strong></span> 
     </span>
    </p>
   </div>
   <div class='ocr_carea' id='block_1_6' title="bbox 349 3143 1349 3527">
    <p class='ocr_par' dir='ltr' id='par_1_9' title="bbox 349 3143 1349 3527">
     <span class='ocr_line' id='line_1_22' title="bbox 433 3143 1349 3226; baseline -0.001 -14"><span class='ocrx_word' id='word_1_133' title='bbox 433 3143 597 3213; x_wconf 89' lang='lat' dir='ltr'><strong>“Domino</strong></span> <span class='ocrx_word' id='word_1_134' title='bbox 613 3166 675 3213; x_wconf 86' lang='lat' dir='ltr'><strong>suo</strong></span> <span class='ocrx_word' id='word_1_135' title='bbox 687 3145 720 3205; x_wconf 86' lang='lat'><strong>?”</strong></span> <span class='ocrx_word' id='word_1_136' title='bbox 736 3144 860 3226; x_wconf 83' lang='lat' dir='ltr'><strong>repetit</strong></span> <span class='ocrx_word' id='word_1_137' title='bbox 874 3143 980 3213; x_wconf 88' lang='lat' dir='ltr'><strong>verba</strong></span> <span class='ocrx_word' id='word_1_138' title='bbox 1001 3143 1106 3212; x_wconf 89' lang='lat' dir='ltr'><strong>oculis</strong></span> <span class='ocrx_word' id='word_1_139' title='bbox 1120 3143 1349 3213; x_wconf 85' lang='lat' dir='ltr'><strong>contractiori·</strong></span> 
     </span>
     <span class='ocr_line' id='line_1_23' title="bbox 351 3243 1349 3326; baseline -0.002 -12"><span class='ocrx_word' id='word_1_140' title='bbox 351 3245 424 3314; x_wconf 92' lang='lat' dir='ltr'><strong>bus.</strong></span> <span class='ocrx_word' id='word_1_141' title='bbox 443 3243 605 3326; x_wconf 80' lang='lat' dir='ltr'><strong>“Revera</strong></span> <span class='ocrx_word' id='word_1_142' title='bbox 621 3250 663 3313; x_wconf 93' lang='lat' dir='ltr'><strong>ut</strong></span> <span class='ocrx_word' id='word_1_143' title='bbox 676 3244 718 3313; x_wconf 92' lang='lat' dir='ltr'><strong>de</strong></span> <span class='ocrx_word' id='word_1_144' title='bbox 735 3265 774 3313; x_wconf 91' lang='lat' dir='ltr'><strong>eo</strong></span> <span class='ocrx_word' id='word_1_145' title='bbox 788 3243 910 3326; x_wconf 87' lang='lat' dir='ltr'><strong>cogito,</strong></span> <span class='ocrx_word' id='word_1_146' title='bbox 927 3243 1122 3326; x_wconf 88' lang='lat' dir='ltr'><strong>suspicabar</strong></span> <span class='ocrx_word' id='word_1_147' title='bbox 1133 3265 1212 3313; x_wconf 90' lang='lat' dir='ltr'><strong>eum</strong></span> <span class='ocrx_word' id='word_1_148' title='bbox 1228 3252 1349 3313; x_wconf 91' lang='lat' dir='ltr'><strong>ventu-</strong></span> 
     </span>
     <span class='ocr_line' id='line_1_24' title="bbox 349 3343 1348 3427; baseline -0.002 -13"><span class='ocrx_word' id='word_1_149' title='bbox 349 3367 436 3427; x_wconf 90' lang='lat' dir='ltr'><strong>rum,</strong></span> <span class='ocrx_word' id='word_1_150' title='bbox 452 3366 519 3412; x_wconf 92' lang='lat' dir='ltr'><strong>non</strong></span> <span class='ocrx_word' id='word_1_151' title='bbox 534 3351 649 3413; x_wconf 89' lang='lat' dir='ltr'><strong>tamen</strong></span> <span class='ocrx_word' id='word_1_152' title='bbox 663 3351 734 3413; x_wconf 89' lang='lat' dir='ltr'><strong>tarn</strong></span> <span class='ocrx_word' id='word_1_153' title='bbox 749 3344 816 3413; x_wconf 86' lang='lat' dir='ltr'><strong>cito</strong></span> <span class='ocrx_word' id='word_1_154' title='bbox 831 3344 1033 3413; x_wconf 71' lang='lat' dir='ltr'><strong>adfuturum</strong></span> <span class='ocrx_word' id='word_1_155' title='bbox 1044 3343 1172 3427; x_wconf 90' lang='lat' dir='ltr'><strong>putavi.</strong></span> <span class='ocrx_word' id='word_1_156' title='bbox 1186 3343 1348 3427; x_wconf 90' lang='lat' dir='ltr'><strong>Quisnam</strong></span> 
     </span>
     <span class='ocr_line' id='line_1_25' title="bbox 351 3443 836 3527; baseline -0.008 -14"><span class='ocrx_word' id='word_1_157' title='bbox 351 3466 433 3514; x_wconf 89' lang='lat' dir='ltr'><strong>casu</strong></span> <span class='ocrx_word' id='word_1_158' title='bbox 448 3444 518 3527; x_wconf 89' lang='lat' dir='ltr'><strong>ipse</strong></span> <span class='ocrx_word' id='word_1_159' title='bbox 534 3450 596 3526; x_wconf 87' lang='lat' dir='ltr'><strong>est,</strong></span> <span class='ocrx_word' id='word_1_160' title='bbox 611 3443 658 3512; x_wconf 92' lang='lat' dir='ltr'><strong>mi</strong></span> <span class='ocrx_word' id='word_1_161' title='bbox 674 3443 794 3512; x_wconf 84' lang='lat' dir='ltr'><strong>Lester</strong></span> <span class='ocrx_word' id='word_1_162' title='bbox 804 3445 836 3506; x_wconf 89' lang='lat'><strong>?&#39;’</strong></span> 
     </span>
    </p>
   </div>
   <div class='ocr_carea' id='block_1_7' title="bbox 351 3559 1350 3743">
    <p class='ocr_par' dir='ltr' id='par_1_10' title="bbox 351 3559 1350 3743">
     <span class='ocr_line' id='line_1_26' title="bbox 434 3559 1350 3643; baseline -0.002 -13"><span class='ocrx_word' id='word_1_163' title='bbox 434 3559 576 3643; x_wconf 79' lang='lat' dir='ltr'><strong>“Quin”</strong></span> <span class='ocrx_word' id='word_1_164' title='bbox 592 3561 666 3629; x_wconf 81' lang='lat' dir='ltr'><strong>fere</strong></span> <span class='ocrx_word' id='word_1_165' title='bbox 682 3560 863 3643; x_wconf 81' lang='lat' dir='ltr'><strong>impatiens</strong></span> <span class='ocrx_word' id='word_1_166' title='bbox 876 3560 1044 3642; x_wconf 82' lang='lat' dir='ltr'><strong>respondi,</strong></span> <span class='ocrx_word' id='word_1_167' title='bbox 1061 3559 1121 3629; x_wconf 87' lang='lat' dir='ltr'><strong>“tu</strong></span> <span class='ocrx_word' id='word_1_168' title='bbox 1133 3560 1225 3629; x_wconf 92' lang='lat' dir='ltr'><strong>haud</strong></span> <span class='ocrx_word' id='word_1_169' title='bbox 1236 3559 1350 3629; x_wconf 91' lang='lat' dir='ltr'><strong>minus</strong></span> 
     </span>
     <span class='ocr_line' id='line_1_27' title="bbox 351 3659 1174 3743; baseline -0.001 -14"><span class='ocrx_word' id='word_1_170' title='bbox 351 3682 405 3729; x_wconf 91' lang='lat' dir='ltr'><strong>me</strong></span> <span class='ocrx_word' id='word_1_171' title='bbox 421 3661 485 3730; x_wconf 90' lang='lat' dir='ltr'><strong>scis</strong></span> <span class='ocrx_word' id='word_1_172' title='bbox 500 3682 614 3729; x_wconf 89' lang='lat' dir='ltr'><strong>arcam</strong></span> <span class='ocrx_word' id='word_1_173' title='bbox 629 3659 672 3729; x_wconf 93' lang='lat' dir='ltr'><strong>ad</strong></span> <span class='ocrx_word' id='word_1_174' title='bbox 688 3659 840 3729; x_wconf 84' lang='lat' dir='ltr'><strong>Armaud</strong></span> <span class='ocrx_word' id='word_1_175' title='bbox 856 3667 891 3730; x_wconf 91' lang='lat' dir='ltr'><strong>et</strong></span> <span class='ocrx_word' id='word_1_176' title='bbox 907 3661 975 3728; x_wconf 84' lang='lat' dir='ltr'><strong>Fils</strong></span> <span class='ocrx_word' id='word_1_177' title='bbox 990 3660 1174 3743; x_wconf 88' lang='lat' dir='ltr'><strong>spectare.&#39;&#39;</strong></span> 
     </span>
    </p>
   </div>
   <div class='ocr_carea' id='block_1_8' title="bbox 352 3776 1352 4061">
    <p class='ocr_par' dir='ltr' id='par_1_11' title="bbox 352 3776 1352 4061">
     <span class='ocr_line' id='line_1_28' title="bbox 435 3776 1351 3860; baseline 0 -14"><span class='ocrx_word' id='word_1_178' title='bbox 435 3776 545 3846; x_wconf 90' lang='lat' dir='ltr'><strong>“Tum</strong></span> <span class='ocrx_word' id='word_1_179' title='bbox 561 3784 600 3846; x_wconf 90' lang='lat' dir='ltr'><strong>tu</strong></span> <span class='ocrx_word' id='word_1_180' title='bbox 615 3798 734 3846; x_wconf 90' lang='lat' dir='ltr'><strong>eorum</strong></span> <span class='ocrx_word' id='word_1_181' title='bbox 745 3777 836 3846; x_wconf 89' lang='lat' dir='ltr'><strong>vices</strong></span> <span class='ocrx_word' id='word_1_182' title='bbox 847 3783 1007 3860; x_wconf 83' lang='lat' dir='ltr'><strong>agentem</strong></span> <span class='ocrx_word' id='word_1_183' title='bbox 1015 3776 1203 3846; x_wconf 87' lang='lat' dir='ltr'><strong>convenisti</strong></span> <span class='ocrx_word' id='word_1_184' title='bbox 1216 3778 1247 3838; x_wconf 88' lang='lat'><strong>?&#39;&#39;</strong></span> <span class='ocrx_word' id='word_1_185' title='bbox 1260 3798 1351 3860; x_wconf 87' lang='lat' dir='ltr'><strong>quae·</strong></span> 
     </span>
     <span class='ocr_line' id='line_1_29' title="bbox 352 3877 1352 3960; baseline 0 -13"><span class='ocrx_word' id='word_1_186' title='bbox 352 3879 397 3947; x_wconf 90' lang='lat' dir='ltr'><strong>rit</strong></span> <span class='ocrx_word' id='word_1_187' title='bbox 417 3878 594 3960; x_wconf 92' lang='lat' dir='ltr'><strong>paululum</strong></span> <span class='ocrx_word' id='word_1_188' title='bbox 620 3899 663 3946; x_wconf 88' lang='lat' dir='ltr'><strong>ex</strong></span> <span class='ocrx_word' id='word_1_189' title='bbox 686 3877 905 3946; x_wconf 85' lang='lat' dir='ltr'><strong>incitamento</strong></span> <span class='ocrx_word' id='word_1_190' title='bbox 927 3877 1080 3947; x_wconf 85' lang='lat' dir='ltr'><strong>suffusus</strong></span> <span class='ocrx_word' id='word_1_191' title='bbox 1104 3877 1238 3960; x_wconf 89' lang='lat' dir='ltr'><strong>rubore,</strong></span> <span class='ocrx_word' id='word_1_192' title='bbox 1260 3878 1352 3959; x_wconf 93' lang='lat' dir='ltr'><strong>quod</strong></span> 
     </span>
     <span class='ocr_line' id='line_1_30' title="bbox 353 3977 955 4061; baseline 0 -15"><span class='ocrx_word' id='word_1_193' title='bbox 353 3978 490 4061; x_wconf 92' lang='lat' dir='ltr'><strong>quidem</strong></span> <span class='ocrx_word' id='word_1_194' title='bbox 505 3977 693 4060; x_wconf 85' lang='lat' dir='ltr'><strong>intelligere</strong></span> <span class='ocrx_word' id='word_1_195' title='bbox 708 3998 776 4045; x_wconf 92' lang='lat' dir='ltr'><strong>non</strong></span> <span class='ocrx_word' id='word_1_196' title='bbox 792 3983 955 4059; x_wconf 88' lang='lat' dir='ltr'><strong>poteram.</strong></span> 
     </span>
    </p>
   </div>
   <div class='ocr_carea' id='block_1_9' title="bbox 350 4093 1354 4282">
    <p class='ocr_par' dir='ltr' id='par_1_12' title="bbox 350 4093 1354 4282">
     <span class='ocr_line' id='line_1_31' title="bbox 435 4093 1351 4179; baseline 0 -15"><span class='ocrx_word' id='word_1_197' title='bbox 435 4093 532 4179; x_wconf 89' lang='lat' dir='ltr'><strong>“Ipse</strong></span> <span class='ocrx_word' id='word_1_198' title='bbox 547 4095 620 4164; x_wconf 92' lang='lat' dir='ltr'><strong>heri</strong></span> <span class='ocrx_word' id='word_1_199' title='bbox 636 4116 690 4163; x_wconf 90' lang='lat' dir='ltr'><strong>me</strong></span> <span class='ocrx_word' id='word_1_200' title='bbox 706 4094 818 4163; x_wconf 91' lang='lat' dir='ltr'><strong>visum</strong></span> <span class='ocrx_word' id='word_1_201' title='bbox 834 4096 938 4164; x_wconf 89' lang='lat' dir='ltr'><strong>venit.</strong></span> <span class='ocrx_word' id='word_1_202' title='bbox 952 4095 1083 4178; x_wconf 92' lang='lat' dir='ltr'><strong>Oppido</strong></span> <span class='ocrx_word' id='word_1_203' title='bbox 1098 4095 1201 4164; x_wconf 92' lang='lat' dir='ltr'><strong>velim</strong></span> <span class='ocrx_word' id='word_1_204' title='bbox 1216 4102 1257 4164; x_wconf 91' lang='lat' dir='ltr'><strong>ut</strong></span> <span class='ocrx_word' id='word_1_205' title='bbox 1271 4116 1351 4164; x_wconf 90' lang='lat' dir='ltr'><strong>eum</strong></span> 
     </span>
     <span class='ocr_line' id='line_1_32' title="bbox 350 4193 1354 4282; baseline -0.002 -14"><span class='ocrx_word' id='word_1_206' title='bbox 350 4196 541 4278; x_wconf 86' lang='lat' dir='ltr'><strong>convenias,</strong></span> <span class='ocrx_word' id='word_1_207' title='bbox 558 4195 718 4282; x_wconf 81' lang='lat' dir='ltr'><strong>Godfrey.</strong></span> <span class='ocrx_word' id='word_1_208' title='bbox 735 4194 768 4264; x_wconf 90' lang='lat' dir='ltr'><strong>Is</strong></span> <span class='ocrx_word' id='word_1_209' title='bbox 783 4195 876 4266; x_wconf 85' lang='lat' dir='ltr'><strong>Felix</strong></span> <span class='ocrx_word' id='word_1_210' title='bbox 890 4194 1043 4264; x_wconf 84' lang='lat' dir='ltr'><strong>Armand</strong></span> <span class='ocrx_word' id='word_1_211' title='bbox 1058 4201 1120 4277; x_wconf 88' lang='lat' dir='ltr'><strong>est,</strong></span> <span class='ocrx_word' id='word_1_212' title='bbox 1144 4193 1252 4264; x_wconf 88' lang='lat' dir='ltr'><strong>‘filius’</strong></span> <span class='ocrx_word' id='word_1_213' title='bbox 1276 4216 1354 4266; x_wconf 91' lang='lat' dir='ltr'><strong>con·</strong></span> 
     </span>
    </p>
   </div>
   <div class='ocr_carea' id='block_1_10' title="bbox 0 0 1795 5156">
    <p class='ocr_par' dir='ltr' id='par_1_13' title="bbox 0 0 1795 5156">
     <span class='ocr_line' id='line_1_33' title="bbox 0 0 1795 5156; baseline 0 0"><span class='ocrx_word' id='word_1_214' title='bbox 0 0 1795 5156; x_wconf 95' lang='lat' dir='ltr'><strong> </strong></span> 
     </span>
    </p>
   </div>
  </div>
 </body>
</html>
