3502 5158
605 891 742 946 nocens
764 867 1029 946 mncmurun'
1262 874 1303 945 75

303 1057 515 1129 obsidebunt.
537 1058 668 1142 ltaque,
684 1058 823 1142 Rogers,
847 1057 891 1128 ad
916 1058 1041 1128 ostium
1066 1079 1124 1128 eos
1148 1057 1303 1141 excipies,

304 1179 475 1228 accessum
499 1159 631 1230 cunctis
656 1158 811 1242 negabis3
843 1159 934 1229 dices
957 1181 1015 1228 eos
1039 1158 1094 1229 hic
1117 1158 1199 1228 nihil
1223 1159 1304 1229 novi

303 1258 488 1342 comperire
502 1280 610 1342 posse,
626 1267 851 1342 oportereque
873 1280 931 1328 eos
955 1280 1046 1328 nova
1070 1280 1092 1328 a
1117 1258 1254 1328 decuria
1269 1258 1305 1328 li-

304 1359 410 1428 ctoria
424 1359 487 1429 sibi
501 1381 707 1443 comparare.
722 1359 812 1429 Doce
828 1381 886 1428 eos
900 1359 1078 1429 Delectum
1103 1358 1217 1440 Grady
1243 1358 1305 1428 has

304 1481 359 1529 res
374 1458 630 1542 administrare,
655 1481 718 1528 nec
741 1458 884 1529 dubium
909 1479 983 1528 esse
1004 1459 1087 1542 quin
1100 1459 1155 1528 ille
1171 1480 1250 1528 cum
1264 1458 1305 1528 iis

304 1558 448 1628 libenter
462 1566 604 1630 acturus
618 1559 671 1628 sit.
693 1557 865 1628 Probasne
879 1559 962 1641 haec,
978 1559 1142 1628 LesterP’

387 1656 530 1741 “Probo
544 1659 592 1728 mi
606 1658 775 1741 Ulysses‚''
790 1658 970 1729 subridens
985 1659 1152 1741 respondi.

388 1773 511 1847 “Nunc
526 1776 675 1859 autem,''
688 1775 801 1860 pergit
811 1775 963 1858 Godrrey
974 1775 1166 1845 accuratius
1176 1775 1306 1859 Rogers

304 1875 499 1958 observans,
521 1873 650 1946 “habeo
665 1875 719 1947 hic
735 1875 882 1958 effigiem
907 1897 1011 1959 quam
1026 1881 1061 1944 te
1076 1875 1226 1958 aspicere
1249 1899 1306 1945 ve-

305 1975 372 2046 lim.
394 1976 599 2059 Unquamne
613 1975 701 2046 hanc
716 1997 895 2058 personam
920 1981 1021 2044 antea
1047 1975 1161 2044 vidisti
1171 1975 1208 2044 ?”
1234 1975 1306 2058 qui-

305 2076 369 2147 bus
382 2075 497 2146 verbis
510 2075 657 2159 effigiem
671 2076 870 2160 impressam
886 2075 1015 2158 Rogers
1030 2074 1146 2144 tradit

388 2192 451 2263 Hic
465 2193 614 2276 primum
628 2214 751 2275 anceps
766 2191 955 2274 dubitabat,
970 2191 1116 2274 denique
1127 2197 1242 2261 tamen
1254 2193 1305 2261 ef-

305 2291 418 2375 figiem
443 2292 590 2364 tremula
614 2292 744 2376 accepit
767 2314 882 2362 manu.
919 2292 1049 2361 lterum
1063 2291 1210 2361 formido
1225 2313 1305 2362 eum

306 2393 501 2562 occtlrpavit3
523 2399 598 2463 tum
620 2392 767 2476 effigiem
782 2391 826 2462 ad
840 2393 951 2462 lucem
966 2391 1132 2474 sublevat,
1155 2391 1306 2462 advertit

307 2514 369 2563 ocu
382 2515 442 2563 os.
459 2545 492 2563 ..

389 2608 587 2680 “Prehende
602 2632 693 2693 eum,
708 2609 827 2680 Lester
838 2609 867 2679 !’'
882 2609 1044 2679 inclamat
1066 2632 1122 2679 me
1145 2609 1301 2694 Godfrey

306 2731 530 2793 prorsumque
545 2709 588 2790 ad
604 2710 733 2793 Rogers
748 2710 827 2780 ruit.

388 2827 519 2909 Rogers
533 2827 626 2896 enim
641 2827 783 2896 efferate
797 2828 922 2896 iterum
937 2847 1039 2896 suum
1053 2826 1232 2909 prehendit
1242 2828 1307 2898 col·

307 2925 386 3010 lare,
401 2925 538 2996 dimidio
554 2948 590 2996 se
604 2927 847 3010 circumvertit,
863 2927 1029 3011 gravique
1045 2927 1157 2996 sonitu
1168 2929 1306 2998 corruit.

313 3025 458 3097 Brachia
484 3025 636 3110 Godfrey
651 3049 768 3097 casum
793 3027 997 3109 leniverunt‚
1023 3032 1059 3096 at
1078 3049 1144 3109 ego
1166 3027 1309 3099 nimium

308 3126 524 3211 stupefactus
537 3126 638 3210 rigui.

390 3241 487 3314 “Cito
501 3243 624 3314 afferto
639 3265 762 3328 aquam
774 3243 802 3312 !”
818 3245 887 3314 acri
902 3265 986 3314 voce
1000 3244 1141 3313 mandat
1157 3244 1307 3328 Godfrey

308 3343 415 3414 Parks
443 3342 543 3414 modo
572 3365 709 3414 sursum
737 3345 897 3415 currenti.
928 3343 1079 3427 “Rogers
1106 3346 1307 3429 necopinato

309 3465 405 3527 aeger
420 3445 534 3514 factus
548 3445 631 3514 est.”

390 3561 481 3631 Tum
502 3568 629 3644 autem,
651 3562 783 3632 interea
804 3561 886 3632 dum
907 3562 1016 3632 Parks
1036 3561 1071 3630 in
1092 3563 1224 3632 ambitu
1256 3586 1306 3633 re·

309 3668 362 3732 tro
375 3661 493 3744 currit,
508 3661 608 3732 video
623 3661 774 3746 Godfrey
790 3661 993 3746 distringere
1016 3663 1136 3732 collare
1161 3663 1307 3734 hominis

308 3761 533 3932 ifntennortui,
555 3768 777 3845 temporaque
799 3763 871 3833 eius
892 3763 1065 3845 utrimque
1097 3763 1219 3832 acriter
1251 3763 1307 3833 de-

325 3883 554 4044 rlca‘r‘gperare
585 3963 683 4033 iuvat
712 3963 804 4033 hunc
835 3986 904 4033 non
936 3963 1113 4048 apoplexia
1143 3966 1306 4047 tactum‚''

309 4068 439 4132 mussat
467 4083 593 4145 secum,
617 4061 759 4134 “revera
783 4085 852 4133 non
878 4063 1056 4146 oportebat
1079 4084 1134 4133 me
1156 4085 1236 4133 eum
1257 4065 1306 4135 ita

310 4160 567 4246 persumgeress’
