3500 5158
828 2012 979 2085 CAPUT
999 2013 1128 2084 XXVII

686 2200 797 2268 Actus
811 2199 1001 2268 oramate
1019 2199 1181 2269 [illimato.

521 2381 715 2450 Posrruons
744 2402 845 2452 mane
868 2381 1077 2466 perdormivi
1090 2388 1137 2464 et,
1160 2381 1224 2451 hoc
1237 2380 1287 2450 ita
1301 2379 1436 2462 misere,

436 2487 601 2564 utusque
618 2504 657 2550 eo
673 2481 755 2551 dum
771 2482 886 2551 sedem
901 2483 936 2551 in
951 2489 1065 2552 tractu
1089 2481 1310 2552 subterraneo
1333 2480 1439 2564 cepis-

436 2603 517 2664 sem,
532 2582 642 2650 otium
656 2581 700 2651 ad
716 2581 954 2665 perlustranda
975 2581 1081 2651 diaria
1095 2589 1219 2652 nactus
1233 2602 1302 2650 non
1317 2601 1437 2650 essem.

437 2682 593 2751 Unciales
619 2683 768 2763 primum
796 2683 937 2764 quaesivi
954 2682 1096 2765 litteras,
1120 2680 1245 2765 quibus
1268 2681 1375 2750 relata
1396 2680 1439 2750 de

436 2783 532 2850 furto
547 2782 768 2851 adamantum
783 2783 1066 2863 inscriberentur;
1088 2781 1147 2851 sed
1172 2803 1252 2851 mox
1274 2781 1440 2864 intellige·

437 2903 474 2950 re
499 2882 586 2963 coepi
612 2881 736 2951 diurna
761 2883 932 2951 matutina
958 2882 992 2951 id
1018 2883 1147 2951 referre
1169 2881 1261 2951 haud
1276 2881 1439 2964 potuisse,

437 2980 528 3064 quod
544 2989 689 3050 eventus
704 2981 763 3050 vix
779 3004 905 3065 paucas
919 2982 1020 3050 horas
1031 2988 1111 3051 ante
1121 2981 1266 3064 contigit
1280 3015 1322 3026 -
1337 2986 1373 3050 et
1388 2987 1438 3049 ta·

436 3103 515 3150 men
530 3102 644 3149 aevum
660 3082 887 3163 praeterivisse
901 3082 1044 3165 parebat
1058 3103 1101 3151 ex
1126 3103 1194 3164 quo
1220 3079 1373 3164 Godfrey
1394 3080 1438 3150 ad

436 3203 491 3250 me
508 3180 690 3263 Gradyque
704 3182 861 3251 irruerat.
883 3182 936 3252 Sic
951 3183 1067 3265 itaque
1093 3203 1148 3251 res
1173 3181 1316 3251 urbanae
1336 3181 1439 3250 modo

437 3281 535 3351 solito
563 3280 726 3363 fluebant,
752 3281 869 3350 incolis
894 3281 996 3350 beata
1015 3281 1147 3351 inscitia
1168 3288 1359 3351 eventuum
1374 3301 1438 3351 sua

435 3382 574 3464 negotia
588 3382 882 3464 prosequentibus,
898 3382 956 3465 qui
971 3383 1084 3465 paullo
1095 3389 1182 3466 post,
1196 3381 1439 3465 perproximas

436 3481 601 3551 editiones
615 3481 862 3564 pomeridianas
876 3481 1061 3564 evulgandi
1073 3482 1207 3552 illorum
1217 3487 1351 3552 mentes
1360 3502 1438 3551 con·

436 3581 568 3651 cussuri
582 3588 705 3663 essent,
722 3589 757 3650 et
772 3582 897 3664 quibus
910 3582 1092 3652 eventibus
1112 3581 1351 3663 describendis,
1364 3581 1438 3651 illu-

436 3681 594 3762 strandis,
610 3687 645 3749 et
671 3681 877 3751 adornandis
902 3683 1073 3764 relatores,
1094 3681 1242 3751 artifiees
1256 3681 1439 3766 photogra-

436 3781 562 3865 phique
576 3780 648 3850 sine
669 3781 773 3850 dubio
798 3783 986 3852 etiamnum
1010 3789 1207 3865 satagerent
1231 3786 1268 3850 et
1289 3781 1438 3852 elabora·

436 3889 522 3951 rent.
537 3880 658 3963 Itaque
674 3901 847 3950 amoenum
863 3881 945 3951 mihi
961 3882 1110 3952 dimidiae
1123 3881 1217 3952 horae
1231 3880 1379 3965 spatium
1392 3883 1438 3953 le·

436 3981 556 4065 gendis
569 3981 683 4050 relatis
698 3981 849 4064 Godfrey
864 3981 1082 4065 pollicitabar.

519 4081 610 4150 Tum
625 4081 763 4150 demum
778 4081 881 4151 etiam
896 4081 979 4150 mihi
994 4081 1029 4150 in
1044 4089 1196 4153 mentem
1210 4081 1308 4152 venit
1317 4082 1437 4154 horam

437 4181 671 4252 duodecimam
686 4188 814 4252 statum
829 4182 927 4252 nobis
946 4189 1084 4266 tempus
1106 4182 1330 4254 conveniendi
1351 4205 1436 4268 esse,
