3536 5156
711 1905 861 1975 CAPUT
883 1906 960 1975 XXI

505 2091 658 2172 Godsrey
672 2091 846 2158 Fabulam
861 2092 1037 2158 Poetieam
1057 2092 1164 2160 Tacit.

419 2272 557 2343 VERERI
579 2273 646 2342 iarn
661 2273 747 2355 coepi
769 2295 812 2342 ne
839 2294 946 2354 quum
972 2273 1132 2342 noxiam
1159 2274 1194 2340 in
1220 2295 1335 2343 serum

335 2381 504 2456 vergeret,
519 2372 680 2456 Godfrey,
697 2375 755 2455 qui
771 2374 884 2442 visum
910 2395 964 2441 me
990 2380 1177 2442 venturum
1203 2395 1239 2442 se
1262 2395 1335 2456 spe

335 2474 509 2556 ponderat,
524 2495 579 2542 me
595 2474 739 2554 falleret,
756 2495 863 2555 quum
879 2474 1025 2555 denique
1040 2480 1179 2555 gratum
1206 2474 1280 2542 eius
1299 2473 1334 2542 in

335 2574 437 2643 ianua
451 2574 587 2656 pulsum
604 2574 729 2643 audivi.
740 2573 913 2644 Festinavi
929 2574 972 2643 ad
989 2595 1068 2642 eum
1086 2574 1336 2644 admittendum

334 2681 369 2742 et
384 2694 463 2742 mox
477 2673 626 2743 intellexi
642 2696 660 2742 e
674 2675 819 2756 suspirio
834 2673 1053 2756 allevationis
1066 2695 1134 2756 quo
1155 2695 1190 2743 se
1206 2674 1241 2742 in
1256 2675 1335 2743 arti·

337 2773 469 2842 sellium
499 2773 626 2856 recidit,
658 2795 761 2856 quarn
788 2783 877 2843 esset
907 2774 1038 2843 viribus
1068 2774 1249 2856 animoque
1280 2774 1336 2843 de·

335 2874 457 2943 fessus.

420 2972 491 3042 “Te
506 2973 649 3044 subinde
664 2975 784 3055 visere,
800 2981 993 3057 tecumque,
1009 2975 1056 3042 mi
1084 2974 1213 3056 Lester,
1239 2975 1337 3044 collo-

335 3073 404 3157 qui,
420 3095 475 3143 me
490 3095 609 3144 revera
634 3075 771 3156 reficit,’'
797 3076 895 3144 fatur
919 3074 1050 3143 interea
1072 3075 1155 3143 dum
1183 3075 1335 3144 oblatum

283 3164 287 3173 ’
334 3173 575 3243 convolvulum
595 3174 724 3257 accipit.
747 3175 791 3243 Et
805 3175 895 3243 bono
920 3174 1033 3243 animo
1047 3173 1081 3242 in
1098 3197 1153 3243 me
1170 3175 1335 3257 renidens,

334 3272 463 3357 pergit:
487 3272 552 3343 “Et
566 3282 643 3356 post
657 3276 846 3343 exantlatos
861 3275 985 3344 arduos
1000 3275 1065 3344 diei
1088 3274 1218 3344 labores
1244 3275 1336 3357 quie-

334 3381 404 3442 tem
419 3373 503 3443 mihi
518 3373 651 3443 affert.”

417 3473 517 3543 “Non
532 3475 686 3556 profecto
701 3475 827 3558 capi0,'’
856 3475 983 3558 excipio
997 3497 1071 3558 eg0,
1088 3473 1199 3545 “unde
1221 3481 1336 3545 tantas

334 3573 425 3643 vires
438 3574 586 3643 haurias.
609 3575 676 3644 Iste
692 3575 815 3645 unicus
829 3597 928 3646 casus
941 3597 996 3644 me
1012 3581 1147 3645 tantum
1163 3575 1254 3658 quod
1265 3597 1334 3646 non

334 3673 471 3743 omnino
487 3675 703 3757 prostravit.''

418 3771 606 3857 “Equidem
619 3774 711 3844 haud
727 3796 816 3858 saepe
833 3781 903 3844 tam
929 3775 964 3843 in
988 3775 1192 3845 laboriosum
1217 3796 1334 3845 casum

334 3873 544 3956 incidimus,'’
561 3875 742 3956 respondet
756 3875 791 3943 in
813 3875 894 3944 sella
917 3875 1058 3944 reclinis.
1081 3874 1193 3956 “Quin
1216 3883 1257 3945 ut
1278 3898 1335 3945 ve·

335 3995 411 4044 rum
426 3975 548 4056 fatear,
564 3973 631 4042 iam
647 3975 777 4043 dudum
791 3975 874 4043 nihil
890 3975 1035 4044 tractavi
1050 3975 1140 4058 quod
1156 3975 1235 4045 huic
1246 3998 1335 4045 com-

333 4073 524 4157 parandum
539 4081 637 4144 esset.
660 4074 756 4144 Circa
771 4075 917 4156 plurima
938 4076 1064 4145 scelera
1085 4075 1169 4146 nihil
1195 4097 1334 4162 prorsus

333 4173 484 4260 mysterii
499 4174 583 4244 est.'’
