3536 5156
414 887 476 958 206
675 905 884 960 ursrnruuu
905 906 1013 961 naen
1033 901 1153 962 nourr

415 1075 502 1156 pello
517 1075 552 1143 in
567 1096 682 1156 manu,
699 1097 952 1158 sursumrepere
967 1075 1201 1145 animadverti.
1214 1077 1287 1159 Ego
1299 1097 1416 1158 seque-

414 1174 484 1256 bar,
499 1176 557 1244 sed
574 1181 613 1244 ut
627 1198 748 1244 verum
763 1177 883 1257 fatear,
899 1197 1013 1257 genua
1026 1176 1108 1244 mihi
1120 1177 1332 1256 vacillabant,
1341 1183 1416 1245 erat

415 1275 505 1343 enim
520 1275 556 1343 in
571 1297 612 1344 ea
626 1298 708 1344 voce
724 1298 834 1357 usque
849 1276 976 1344 fluente
992 1275 1118 1357 aliquid
1142 1277 1265 1345 sinistri
1291 1286 1325 1345 et
1346 1277 1415 1345 lor-

416 1375 577 1444 midolosi.
599 1375 771 1445 Simillima
787 1398 827 1444 ea
842 1383 916 1445 erat
930 1376 1004 1445 voci
1028 1376 1172 1444 hominis
1186 1377 1316 1458 furiosi,
1333 1377 1414 1445 mihi

415 1475 553 1556 quidem
575 1476 698 1558 partim
722 1476 894 1557 ferociam,
918 1477 1042 1558 partim
1073 1476 1286 1558 triumphum
1315 1498 1412 1546 sona-

415 1574 549 1644 bat...

498 1675 537 1743 ln
553 1675 691 1757 fastigio
706 1676 877 1758 graduum
894 1676 1045 1759 Godtrey
1066 1677 1236 1759 paulisper
1251 1676 1412 1759 substitit,

413 1796 581 1855 auresque
595 1775 749 1856 intendit;
766 1783 840 1845 tum
852 1783 951 1845 caute
963 1799 1083 1846 versus
1096 1778 1234 1846 ianuam
1245 1785 1410 1859 apertam,

414 1875 504 1944 unde
520 1898 587 1943 vox
602 1875 769 1957 profluere
790 1875 971 1944 videbatur
994 1899 1202 1958 progressus,
1226 1898 1330 1945 manu
1352 1899 1415 1946 nos

413 1973 456 2042 ad
470 1976 677 2044 manendum
692 1975 752 2043 ubi
767 1997 926 2056 essemus,
942 1976 1153 2058 significavit.
1177 1977 1224 2045 Ut
1252 1998 1334 2044 vero
1355 1999 1413 2058 ge-

412 2074 513 2142 nibus
548 2075 714 2155 insistens,
751 2075 941 2156 sudoreque
978 2097 1129 2156 manans,
1166 2075 1412 2158 auscultabam,

413 2194 522 2242 unum
538 2173 682 2242 verbum
698 2174 823 2256 saepius
838 2175 1020 2256 repetitum
1035 2174 1170 2244 audivi:

564 2373 782 2445 “Vindictol
824 2377 1013 2444 Vindicta!
1048 2376 1215 2443 Vindicta
1223 2378 1263 2444 !''

495 2575 586 2644 Tum
612 2575 728 2645 audivi
743 2596 861 2644 vocem
886 2575 981 2656 quasi
1004 2575 1188 2655 concidere,
1218 2576 1411 2658 iterumque

412 2675 518 2743 fluere
533 2676 641 2744 veluti
657 2675 862 2743 submissum
877 2674 1034 2743 hirritum
1056 2675 1163 2744 instar
1177 2675 1269 2744 canis
1285 2677 1410 2756 praedae

412 2775 543 2856 intenti,
560 2782 663 2856 atque
679 2797 800 2844 sonum
815 2775 947 2857 percepi
963 2783 1139 2856 tamquam
1155 2776 1231 2844 telae
1243 2777 1410 2845 laceratae.

494 2875 644 2958 Godtrey
658 2875 804 2957 genibus
819 2875 1042 2956 manibusque
1054 2875 1211 2944 insistens
1224 2875 1259 2942 in
1275 2875 1412 2944 cubicu-

411 2976 481 3043 lum
495 2975 715 3057 inspectabat.
738 2975 823 3044 Dein
847 2996 883 3044 se
905 2982 1060 3056 retracto,
1087 2983 1182 3044 motu
1206 2977 1328 3044 manus
1349 2997 1411 3046 nos

411 3076 597 3144 accersivit.

494 3175 739 3258 Spectaculum,
756 3175 846 3256 quod
861 3175 949 3243 visui
966 3196 1041 3242 meo
1052 3196 1112 3256 per
1123 3175 1289 3256 angulum
1298 3174 1411 3244 ianuae

411 3284 446 3344 et
462 3276 552 3344 intra
566 3282 696 3358 postem
708 3275 912 3356 speculantis
921 3273 1054 3354 obtulit,
1064 3272 1225 3342 diesmihi
1234 3295 1411 3356 nunquam

411 3377 544 3445 delebit.

493 3474 695 3546 Cubiculum
711 3473 802 3557 quod
817 3472 1046 3556 inspectabam
1058 3495 1098 3542 eo
1113 3473 1182 3542 solo
1197 3472 1325 3542 lumine
1336 3481 1411 3544 erat

410 3577 645 3644 collustratum
660 3575 752 3656 quod
766 3575 855 3642 inter
870 3575 963 3642 foros
977 3575 1109 3642 clausos
1131 3574 1293 3642 tenestrae
1308 3595 1409 3656 pene-

409 3675 533 3745 trabat.
558 3676 596 3743 ln
612 3673 721 3743 medio
737 3673 889 3742 tabulato
906 3673 1017 3741 stabat
1032 3693 1110 3742 arca
1130 3673 1245 3755 Boule,
1261 3682 1409 3755 anteque

410 3797 494 3857 eam,
511 3784 609 3856 tergo
624 3775 667 3843 ad
683 3775 820 3842 ianuam
836 3794 944 3853 verso,
959 3773 1060 3841 homo
1076 3773 1214 3854 quidam
1223 3774 1409 3855 occupaba-

409 3883 467 3945 tur
481 3877 695 3944 involucrum
718 3873 909 3942 revellendo
933 3894 973 3941 ac
996 3871 1183 3954 lacerando,
1205 3893 1272 3954 quo
1295 3894 1335 3940 ea
1350 3873 1408 3942 ob

409 3977 527 4047 voluta
541 3981 624 4056 erat,
640 3975 770 4042 interea
784 3973 905 4041 furens
920 3994 1035 4040 secum
1050 3971 1157 4040 veluti
1184 3993 1243 4054 per
1267 3979 1407 4042 cantum

408 4097 565 4146 mussans
579 4082 684 4156 atque
699 4073 895 4156 grunniens,
912 4072 1053 4141 subinde
1078 4072 1208 4154 sistens
1231 4081 1272 4140 ut
1295 4073 1408 4142 oculos

407 4177 443 4247 in
457 4176 669 4258 manipulum
685 4174 908 4242 convolutum
922 4172 965 4241 ad
991 4172 1081 4241 latus
1111 4170 1246 4240 adversi
1269 4173 1408 4254 parietis
