3502 5158
417 867 459 938 74
678 883 886 938 nrsrmun
908 882 1016 936 anca
1037 875 1156 936 soora

502 1049 562 1121 “ld
583 1071 763 1134 nunquam
787 1052 903 1120 facere
926 1051 1047 1120 solitus
1067 1050 1177 1134 sum,'’
1206 1049 1254 1119 ait
1282 1048 1415 1119 blande.

418 1149 473 1221 “N
474 1173 542 1221 unc
552 1157 669 1221 autem
684 1150 834 1234 probabo
848 1150 912 1221 tibi
925 1150 1041 1234 Grady
1055 1151 1242 1221 bucconem
1256 1155 1292 1218 et
1306 1148 1417 1218 obesae

418 1273 491 1322 esse
505 1250 606 1320 naris.
621 1251 698 1334 lpse
712 1251 780 1320 iarn
794 1257 906 1321 totum
917 1250 1050 1321 audivit
1061 1248 1302 1332 testimonium;
1319 1270 1416 1317 num·

418 1350 501 1434 quid
516 1357 631 1420 tamen
655 1351 719 1420 scit
732 1372 812 1434 quae
825 1371 866 1420 ea
880 1351 1001 1420 mrdier
1015 1350 1166 1420 fueritl''

502 1449 651 1534 “Utique
665 1450 803 1532 nescit,”
820 1450 976 1534 respondi
991 1450 1022 1519 ei
1037 1450 1142 1520 oculis
1164 1451 1199 1518 in
1225 1470 1305 1519 eum
1328 1447 1418 1518 leva·

417 1551 472 1621 tis,
494 1549 609 1620 “Num
624 1556 665 1620 tu
679 1549 713 1620 id
728 1553 814 1620 scire
828 1550 970 1620 innuere
985 1550 1063 1620 vis?
1094 1551 1183 1619 Turn
1199 1555 1235 1618 et
1249 1570 1313 1632 ego
1338 1547 1418 1618 buc·

418 1673 459 1721 co
473 1673 549 1720 sum
560 1650 590 1720 1”

502 1749 572 1820 “Mi
586 1750 674 1820 bone
689 1750 838 1832 Lester,”
854 1750 1046 1819 obtestatur
1058 1749 1219 1832 Godfrey,
1235 1747 1297 1818 “tu
1311 1769 1417 1831 agens

418 1872 487 1920 non
502 1873 539 1920 es
554 1887 594 1896 -
608 1850 643 1920 id
657 1872 727 1920 non
742 1850 794 1920 tui
809 1849 938 1932 negotii
953 1856 1021 1932 est,
1052 1857 1090 1919 at
1116 1849 1232 1932 Grady
1256 1855 1327 1929 est;
1355 1853 1417 1917 aut

419 1953 540 2020 saltem
565 1951 614 2020 ita
639 1957 802 2034 putatur;
835 1958 939 2032 atque
963 1951 1128 2019 securitas
1141 1948 1244 2019 huius
1257 1948 1361 2030 urbis,
1376 1955 1417 2016 ut

418 2050 480 2120 loci
506 2050 736 2131 habitationis
759 2071 885 2133 magna
910 2071 953 2118 ex
977 2057 1074 2132 parte
1099 2072 1118 2118 e
1143 2051 1290 2118 veritate
1315 2047 1418 2117 huius

291 2238 293 2242 ι
418 2150 579 2234 propositi
593 2150 728 2233 pendet.
750 2151 887 2220 Virtute
902 2149 1004 2219 huius
1018 2149 1183 2234 opinionis
1208 2151 1324 2220 iactus
1346 2149 1417 2230 ipse

418 2258 471 2321 est
484 2250 632 2321 vicarius
646 2250 797 2321 delectus
821 2250 967 2320 decuriae
983 2250 1130 2333 lictoriae,
1156 2251 1273 2333 itaque
1297 2248 1419 2333 praefe-

418 2357 495 2421 ctus
507 2349 638 2420 officii.”

503 2448 579 2519 “Tu
593 2450 710 2534 itaque
724 2449 868 2519 innuere
882 2450 936 2520 vis
948 2456 984 2519 te
998 2452 1087 2520 scire
1102 2472 1182 2533 quae
1196 2450 1253 2519 illa
1266 2446 1416 2517 fuerit?”

503 2547 613 2620 “Satis
627 2558 720 2619 certe
734 2571 790 2619 me
805 2550 889 2619 scire
903 2550 985 2619 mihi
1000 2549 1117 2619 videor
1132 2586 1173 2594 —
1188 2557 1223 2619 et
1237 2549 1280 2618 ad
1294 2546 1329 2616 id
1343 2569 1418 2630 pro

419 2648 571 2719 bandum
587 2648 680 2718 redii.
703 2648 769 2718 Ubi
784 2657 836 2719 est
852 2649 1024 2732 Rogers?”

504 2747 558 2818 “Si
573 2751 636 2832 vis,
651 2749 764 2818 nolam
787 2749 938 2832 pulsabo,
964 2771 1111 2833 eumque
1137 2747 1339 2833 advocabo,”
1369 2751 1418 2818 in·

420 2870 534 2931 quam,
551 2848 642 2931 quod
658 2855 694 2918 et
708 2849 785 2931 ieci,
801 2858 837 2918 et
852 2850 923 2933 ipse
937 2871 1016 2918 mox
1030 2849 1179 2919 advenit.

503 2947 750 3018 “Pulsavistine
764 2950 887 3031 nolam,
903 2950 949 3018 mi
965 2949 1054 3017 Here
1063 2949 1100 3018 ?”
1115 2948 1238 3032 qoaerit
1252 2949 1333 3032 ipse.

504 3047 634 3130 Rogers
647 3069 757 3130 usque
772 3071 791 3117 e
805 3048 920 3118 nervis
934 3049 1118 3131 laborabat,
1144 3049 1220 3131 plus
1234 3056 1349 3118 tamen
1365 3050 1417 3119 sui

417 3169 554 3229 compos
568 3154 642 3217 erat
654 3169 759 3230 quam
772 3156 884 3231 antea,
908 3157 1062 3231 tempore
1084 3149 1354 3232 postmeridiano.

503 3245 693 3329 “Pulsavi,''
719 3247 765 3317 illi
787 3248 954 3332 respondi,
982 3247 1106 3318 “herus
1130 3247 1280 3332 Godirey
1303 3257 1416 3319 tecum

419 3346 563 3430 colloqui
584 3347 709 3430 cupit.”

502 3446 786 3517 Anirnadvertcre
802 3449 991 3518 arbitrabar
1006 3472 1085 3519 eum
1102 3449 1225 3518 sensim
1242 3449 1417 3532 expalluis-

418 3568 473 3627 se;
494 3553 586 3616 certe
601 3555 713 3617 metus
727 3549 761 3616 in
777 3551 932 3619 contuitu
948 3572 1010 3619 suo
1036 3572 1103 3633 quo
1128 3551 1273 3619 amicum
1303 3571 1417 3619 meum

419 3647 602 3729 aspiciebat
616 3647 759 3717 discerni
774 3657 917 3731 poterat.
950 3649 1014 3720 Sed
1042 3650 1202 3734 Godfrey,
1225 3651 1268 3719 de
1293 3672 1356 3720 sua
1380 3672 1418 3719 re

420 3753 544 3827 certus,
559 3746 681 3816 leniter
696 3747 903 3818 subridebat.

505 3845 640 3917 “Satius
654 3848 801 3917 fortasse
816 3859 905 3919 esset
920 3872 983 3919 sua
1007 3871 1090 3932 erga
1115 3850 1277 3920 relatores
1301 3851 1418 3920 munia

420 3944 569 4028 edocere,
584 3968 697 4015 nonne
711 3956 822 4030 putas,
839 3951 886 4018 mi
900 3950 1018 4019 Lester
1027 3951 1064 4018 ?''

504 4043 617 4128 “Erga
632 4067 718 4130 quos
731 4049 894 4119 relatores
902 4050 938 4119 ?''
954 4071 1071 4133 quaero
1084 4071 1157 4133 ego.

504 4144 650 4216 “Omnes
664 4154 813 4232 caeteros,
824 4149 954 4232 utique.
966 4150 1046 4219 Mox
1059 4151 1150 4219 enim
1163 4150 1264 4220 istam
1279 4150 1417 4223 domum
