3500 5158
638 900 828 956 sncamun
843 901 950 956 nnana
1226 883 1290 954 269

290 1071 327 1137 ta
340 1068 491 1151 audacia,
506 1069 606 1139 simul
621 1077 657 1138 et
673 1077 744 1139 tam
765 1069 928 1153 singulari
951 1069 1051 1139 modo
1075 1075 1149 1138 erat
1173 1088 1291 1151 perpe·

291 1175 430 1249 tratum,
445 1177 486 1238 ut
499 1191 562 1238 nos
584 1170 666 1239 nihil
692 1169 943 1239 dubitassemus
965 1191 1052 1253 opus
1076 1168 1159 1238 illud
1182 1167 1290 1236 veluti

291 1269 394 1338 unius
408 1276 544 1338 tantum
560 1269 704 1338 hominis
725 1292 917 1352 agnoscere,
931 1291 994 1339 nec
1009 1270 1053 1339 ab
1067 1270 1132 1338 alio
1147 1265 1220 1337 lieri
1235 1289 1291 1350 po
1327 1342 1330 1348 ,

215 1421 217 1430 ,
291 1368 395 1437 tuisse
410 1403 450 1414 -
465 1369 622 1439 furciferi
636 1370 822 1451 cuiusdam,
843 1370 979 1439 nomine
995 1369 1165 1439 Crochard
1181 1367 1240 1450 qui
1255 1389 1291 1436 se

291 1476 327 1538 et
342 1467 594 1539 ‘Invincibilem'
610 1469 772 1552 praedicat
785 1505 827 1514 —
841 1469 996 1539 furciferi
1011 1491 1144 1550 nempe,
1161 1468 1219 1551 qui
1235 1489 1292 1535 no

291 1570 343 1640 bis
357 1570 425 1640 iam
439 1571 634 1640 innumeras
658 1571 820 1640 intulerat
843 1571 1023 1652 molestias,
1047 1591 1150 1652 quem
1176 1575 1290 1638 tamen

291 1671 490 1740 convincere
506 1692 684 1754 nunquam
700 1671 881 1753 quivimus.
905 1673 978 1739 Hoc
994 1671 1028 1738 in
1051 1691 1132 1738 casu
1156 1668 1293 1738 eviden-

292 1772 375 1840 tiam
390 1779 508 1840 contra
523 1792 602 1839 eum
617 1792 756 1854 prorsus
780 1771 910 1840 nullam
935 1770 1135 1850 habuimus;
1157 1768 1294 1850 inquisi-

292 1871 419 1941 tionem
434 1873 469 1940 in
484 1894 565 1941 eum
578 1871 799 1954 instituimus,
822 1870 1077 1953 reperimusque
1092 1891 1172 1939 eum
1188 1868 1291 1953 probe

292 1973 420 2041 cavisse
446 1979 486 2041 ut
509 1979 662 2055 tempore
687 1971 774 2040 furti
789 1993 825 2040 se
841 1971 978 2040 omnino
999 1971 1077 2039 alibi
1098 1970 1205 2039 fuisse
1220 1969 1292 2038 sine

293 2071 502 2141 dubitatione
517 2072 785 2152 demonstraret;
807 2071 923 2154 itaque
947 2092 1026 2140 eum
1053 2070 1228 2140 absolvere
1253 2090 1293 2138 ac

292 2171 435 2241 liberare
448 2171 545 2241 nobis
559 2193 695 2240 necesse
710 2172 789 2240 fuit.
811 2171 889 2240 Non
905 2192 968 2239 nos
982 2169 1179 2253 praeteribat
1195 2191 1291 2251 cape·

293 2294 329 2342 re
345 2293 436 2352 eum,
450 2272 532 2355 quin
547 2271 678 2354 aliquas
691 2292 906 2353 gemmarum
920 2271 955 2338 in
979 2292 1042 2339 sua
1067 2268 1294 2351 reperiremus

294 2371 514 2454 possessione,
529 2392 668 2454 prorsus
681 2393 753 2440 esse
767 2371 896 2440 inutile.
920 2370 995 2453 lpse
1020 2371 1159 2439 interim
1182 2390 1293 2451 poenae

294 2471 464 2552 immunis,
479 2479 519 2541 ut
535 2471 654 2540 solitus
668 2478 752 2552 erat,
768 2493 829 2554 per
849 2471 941 2539 vicos
956 2477 991 2539 et
1007 2471 1145 2552 plateas,
1160 2491 1222 2552 per
1236 2490 1295 2550 ga-

294 2594 385 2654 neas,
400 2571 536 2654 ubique,
553 2572 637 2641 liber
651 2571 841 2641 oberrabat.
858 2570 930 2640 Nos
945 2571 1062 2640 derisit
1072 2577 1218 2639 tantum.
1228 2570 1296 2638 Res

294 2673 390 2741 nobis
404 2673 588 2742 admodum
603 2679 678 2741 erat
691 2673 846 2754 ingrata;
867 2677 904 2740 at
919 2672 1012 2753 leges
1025 2677 1151 2739 nostrae
1166 2691 1295 2746 severae

295 2779 385 2842 sunt.
408 2772 522 2842 Grave
537 2773 628 2840 enim
643 2793 809 2854 perquam
824 2778 914 2840 esset
929 2771 1089 2840 delictum
1103 2771 1232 2852 siquem
1243 2790 1295 2839 ca·

295 2893 464 2955 peremus,
479 2871 601 2941 deinde
626 2893 810 2953 agnoscere
835 2892 898 2940 nos
919 2892 1048 2940 errasse
1071 2869 1210 2939 adactos
1233 2889 1296 2938 nos

296 2993 368 3041 esse
383 2971 586 3040 videremus.
596 2971 751 3040 Fecimus
759 2971 867 3054 igitur
881 2977 1051 3053 quantum
1065 2977 1294 3053 potueramus.

295 3073 404 3142 Istum
420 3071 590 3141 Croehard
605 3092 668 3140 nos
683 3078 848 3153 perpetuo
872 3070 1033 3152 vigilibus
1056 3069 1161 3138 oculis
1185 3090 1297 3152 prose·

295 3171 505 3253 quebamur;
527 3171 730 3253 perscrutati
746 3191 866 3239 sumus
880 3191 947 3238 non
972 3170 1072 3239 modo
1097 3189 1211 3242 suum,
1236 3167 1295 3237 sed

296 3272 398 3340 etiam
413 3293 485 3340 suae
496 3270 612 3339 amicae
627 3270 841 3352 domicilium,
857 3291 920 3338 nec
943 3271 1057 3350 semel,
1076 3269 1135 3339 sed
1161 3269 1294 3351 saepius.

296 3371 496 3452 Aliquando,
512 3392 620 3453 quum
634 3370 822 3441 Vincentiae
833 3369 1008 3439 telonium¹
1024 3389 1182 3451 egressus
1195 3373 1295 3450 esset,

295 3478 437 3554 agentes
452 3471 558 3539 nostri
572 3471 614 3552 ei,
630 3470 694 3539 sub
709 3469 819 3552 specie
834 3468 1008 3551 latrocinii,
1022 3469 1207 3550 irruerunt,
1223 3489 1297 3550 per·

297 3593 414 3642 sonam
428 3577 609 3652 vestesque
624 3569 698 3639 eius
719 3569 1004 3652 perquisiverunt.

380 3670 486 3754 “lpse,
513 3670 599 3739 bene
621 3669 852 3750 memineritis,
881 3691 925 3738 ne
953 3675 1127 3738 momento
1157 3667 1296 3750 quidem

298 3771 459 3855 temporis
487 3770 650 3853 deceptus
678 3770 756 3840 fuit.
793 3769 900 3839 Novit
929 3769 1020 3839 enim
1048 3767 1296 3838 accuratissime

298 3872 380 3955 quid
394 3893 457 3941 nos
471 3870 689 3953 agitaremus.
713 3868 827 3938 Etiam
853 3875 1069 3952 perspectum
1092 3867 1240 3938 habebat
1261 3889 1297 3936 se

399 4109 422 4158 1.
443 4102 604 4168 Talentum,
622 4103 667 4166 di,
684 4109 725 4156 est
738 4104 887 4156 claustrum
900 4103 929 4155 iu
944 4103 1068 4168 ingressu
1085 4101 1200 4164 urbium,
1218 4118 1298 4168 pago

297 4207 366 4252 turn,
377 4195 513 4257 portuum,
526 4189 573 4242 ubi
585 4187 620 4241 ab
632 4187 801 4242 intrantibus
815 4187 963 4254 vectigalia
975 4185 1130 4252 exiguntur.
