3502 5158
655 885 780 938 uanus
802 883 1021 938 vunnumrn
1293 871 1334 939 27

419 1050 479 1135 “0‚
496 1053 577 1122 siste
592 1053 664 1135 ea‚''
680 1053 862 1136 impatiens
887 1053 1017 1136 rumpit
1042 1054 1212 1137 loquelam
1238 1052 1336 1123 Gold-

336 1152 469 1234 berger;
485 1150 562 1221 “fac
575 1175 769 1236 compareas
780 1160 841 1222 tua
849 1154 1098 1237 epigrammata
1112 1174 1173 1237 pro
1188 1155 1332 1224 Record.

337 1251 409 1321 Nos
422 1253 516 1321 facta
531 1253 748 1335 quaerimus.”

419 1369 555 1439 Rubore
570 1370 623 1439 his
637 1371 751 1441 verbis
761 1371 915 1440 suffusus
926 1371 1078 1454 Godfrey
1090 1370 1336 1452 horologioium

335 1468 500 1552 deposuit.

419 1586 502 1657 “Est
518 1609 598 1658 sane
614 1611 723 1657 unum
737 1588 870 1658 factum
887 1590 977 1672 quod
993 1597 1032 1658 tu
1048 1587 1273 1672 praeterivisse
1289 1587 1337 1655 vi-

337 1688 456 1770 deris,'’
468 1687 583 1771 quiete
598 1688 669 1770 ipse
685 1689 803 1771 refert,
819 1687 874 1758 “id
889 1697 1004 1758 tamen
1021 1695 1146 1772 praeter
1161 1709 1260 1756 omne
1275 1686 1337 1756 du-

337 1787 431 1857 bium
458 1788 581 1871 probat
605 1787 697 1857 hunc
722 1789 816 1857 nullo
839 1810 920 1858 casu
943 1788 1089 1858 fortuito
1112 1787 1179 1857 huc
1195 1807 1335 1856 errasse.

338 1887 427 1970 Quin
443 1887 472 1956 is
487 1888 640 1957 consulto
655 1887 723 1956 huc
738 1889 844 1968 venit,
860 1911 923 1958 nec
938 1889 1034 1971 proin
1050 1894 1195 1956 mortem
1211 1885 1272 1955 sibi
1288 1885 1337 1954 in·

336 1989 428 2056 ferre
443 1988 477 2056 in
493 1988 606 2056 animo
621 1987 746 2056 habere
762 1987 905 2070 potuit.'’

418 2102 585 2186 “Quinam
602 2104 665 2172 hoc
681 2103 743 2172 tibi
758 2105 917 2173 notum?''
933 2104 1059 2175 dubius
1085 2105 1234 2188 postulat
1256 2124 1335 2171 eum

336 2201 553 2285 Goldberger.

419 2319 569 2402 Godfrey
595 2321 683 2388 tollit
714 2341 922 2401 crumenam,
949 2321 1068 2404 aperit,
1099 2321 1335 2404 pagellamque
1439 2377 1442 2384 .

338 2417 621 2488 sublevat.“1am
650 2428 748 2488 tenes
773 2419 854 2502 quid
879 2420 914 2488 in
940 2419 1038 2488 dorso
1054 2419 1156 2489 huius
1171 2419 1335 2502 scripturn

336 2517 380 2586 sit
396 2553 420 2562 —
450 2539 574 2586 nomen
590 2517 663 2588 heri
678 2517 836 2599 Vantine‚
861 2540 1094 2603 numerusque
1117 2517 1239 2587 domus
1253 2517 1336 2589 eius

335 2617 457 2686 Nonne
472 2617 536 2687 hoc
551 2617 678 2687 evincit
693 2618 859 2688 misellum
876 2619 968 2688 hunc
983 2618 1057 2688 Neo
1068 2617 1269 2700 Eboracum,
1280 2617 1337 2686 he·

335 2738 411 2786 rum
427 2716 576 2786 Vantine
592 2717 705 2786 visum
720 2719 875 2787 consulto
889 2718 1024 2787 venisse
1033 2717 1070 2786 ?'’

419 2832 599 2902 “Fortasse
615 2834 738 2902 herum
751 2832 900 2903 Vantine
915 2856 995 2903 eum
1009 2833 1168 2903 occidisse
1193 2833 1335 2902 innuere

336 2933 420 3016 vis,”
436 2932 532 3001 fatur
548 2932 756 3015 Goldberger
770 2955 833 3016 per
847 2955 1064 3003 sarcasmum.

420 3048 478 3117 “Id
506 3049 677 3130 minime,”
703 3050 811 3119 refert
838 3049 1006 3133 Gonfrey3
1041 3048 1125 3132 “ipsi
1139 3071 1183 3119 ne
1198 3057 1336 3132 tempus

337 3149 477 3232 quidem
494 3150 709 3232 suppetebat.
731 3150 796 3232 Tu,
812 3149 858 3219 mi
874 3149 966 3219 Here
979 3149 1137 3231 Vantine,
1152 3148 1272 3232 utique
1288 3149 1337 3218 in·

335 3249 497 3333 telliges‚'’
514 3249 673 3318 renidens
687 3250 722 3319 in
738 3271 818 3319 eum
839 3250 946 3333 fatur,
962 3249 1022 3333 qui
1037 3250 1110 3319 haec
1124 3249 1238 3319 omnia
1251 3270 1337 3332 prae·

335 3371 412 3419 sens
427 3372 496 3418 non
512 3349 583 3418 sine
599 3348 858 3420 conturbatione
882 3351 985 3419 animi
1000 3351 1226 3431 auscultabat,
1254 3348 1337 3419 “nos

335 3471 375 3520 ea
389 3471 481 3519 nunc
497 3457 706 3532 pertractare
722 3472 800 3532 quae
815 3451 953 3520 evenire
969 3457 1136 3533 poterant.
1172 3449 1222 3519 Te
1244 3449 1336 3519 hunc

335 3551 429 3619 nullo
442 3558 542 3633 pacto
557 3550 753 3620 interimere
766 3549 916 3633 potuisse
932 3551 999 3619 iam
1015 3549 1135 3619 Lester
1149 3550 1231 3620 satis
1244 3571 1334 3620 com-

335 3650 502 3732 probavit,
519 3671 628 3732 quum
643 3672 706 3719 nos
721 3650 900 3732 docuisset,
915 3649 994 3719 inde
1008 3672 1028 3718 a
1043 3649 1151 3732 primo
1176 3649 1280 3719 huius
1300 3650 1335 3718 in

334 3757 430 3819 tuam
446 3749 585 3819 domum
600 3749 755 3832 ingressu
781 3771 891 3832 usque
906 3749 950 3818 ad
966 3757 1102 3831 tempus
1127 3750 1258 3818 inventi
1283 3771 1336 3820 ca·

337 3849 473 3919 deveris
488 3858 603 3919 tecum
618 3870 688 3919 una
702 3849 819 3931 fuisse,
841 3849 989 3932 demptis
1003 3848 1044 3918 iis
1058 3849 1175 3932 paucis
1188 3870 1338 3918 momen·

335 3948 389 4031 tis,
405 3971 483 4032 quae
498 3948 587 4017 inter
602 3955 702 4017 tuum
718 3948 752 4017 in
768 3947 871 4018 hocce
888 3948 1047 4017 conclave
1069 3948 1272 4032 ingressum,
1287 3955 1336 4018 at-

333 4069 400 4132 que
415 4049 607 4128 clamorem,
622 4069 690 4131 quo
706 4069 787 4118 eum
802 4049 1044 4130 appellaveras,
1059 4047 1334 4118 intercesserunt.

332 4147 385 4217 Tu
401 4169 485 4232 ergo
499 4154 597 4218 extra
611 4147 835 4230 quaestionem
850 4149 918 4217 es.'’
