3536 5156
591 874 768 948 nacnnuu
790 889 923 946 muner
943 890 1067 946 ranorr
1270 873 1332 944 159

412 1060 462 1130 Ea
487 1057 714 1144 “prosequere
724 1058 753 1128 !”
774 1059 906 1143 inquit;
937 1056 1059 1130 “narra
1087 1058 1253 1143 quidquid
1285 1059 1330 1130 ad

327 1159 537 1232 narrandum
552 1160 709 1230 habeas.”

413 1276 524 1347 “Novi
540 1276 664 1348 scilicet
679 1276 806 1348 Heram
821 1299 958 1361 quoque
975 1331 982 1348 .
1000 1332 1007 1346 .
1025 1278 1054 1346 .’'

413 1379 542 1448 lterum
557 1377 718 1448 substitit.
740 1377 881 1448 Interim
896 1399 961 1462 ego
976 1377 1019 1448 ad
1043 1377 1231 1447 fenestram
1256 1399 1331 1462 per-

330 1478 511 1559 ambulavi,
540 1476 666 1561 ibique,
686 1478 786 1548 valde
813 1483 1012 1561 commotus,
1036 1479 1153 1548 forum
1177 1479 1330 1561 ligneum

189 1627 195 1638 ·
331 1584 487 1662 spectans
501 1577 590 1648 steti.

414 1694 544 1765 “Eccur
558 1696 669 1766 nonl”
690 1695 849 1779 quaesivit
863 1716 993 1779 aspere,
1014 1717 1080 1778 ego
1102 1702 1220 1766 autem
1245 1695 1329 1766 scire

331 1795 495 1880 putabam
509 1817 585 1865 eam
601 1817 722 1865 revera
736 1804 875 1879 tergum
896 1817 1011 1866 meum
1035 1795 1169 1879 alloqui.
1199 1793 1329 1866 “Eccur

331 1897 421 1967 non?
436 1895 612 1979 Numquid
626 1917 740 1966 amere
760 1895 893 1967 mulieri
918 1895 1107 1966 nefasest?
1133 1896 1227 1966 Num
1256 1918 1330 1967 mu·

332 1996 404 2066 lieri
417 1995 632 2067 tolerandum
647 2003 700 2066 est
715 1999 806 2080 quod
821 1996 914 2065 Hera
929 1995 1114 2066 toleravit?
1129 2050 1137 2064 .
1156 2049 1164 2066 .
1181 1996 1210 2066 .''

416 2093 488 2165 “De
503 2117 544 2165 ea
559 2117 596 2165 re
611 2095 704 2178 satis,
719 2095 835 2178 lulia,’'
851 2095 1044 2180 interpellat
1059 2102 1216 2168 matrona
1239 2097 1330 2166 vela-

333 2203 379 2278 ta,
393 2217 477 2265 voce
492 2194 633 2278 glaciali.
656 2194 788 2266 “Tuam
804 2217 877 2267 rem
892 2197 998 2266 fare.”

417 2311 489 2382 “De
512 2312 626 2382 forulo
648 2313 780 2383 occulto
803 2313 902 2395 novi;
938 2312 1007 2383 vidi
1038 2312 1165 2383 Herem
1190 2313 1332 2398 aperire,

334 2411 415 2497 quid
429 2412 565 2495 celaret,
579 2413 670 2482 novi.
702 2412 831 2482 Verum
856 2434 922 2496 ego
936 2435 1020 2496 erga
1034 2413 1161 2484 Heram
1175 2413 1245 2484 fida
1259 2413 1332 2483 fui;

334 2535 410 2584 cam
425 2512 556 2594 amavi;
577 2513 697 2596 gavisa
717 2534 794 2583 sum
817 2534 893 2582 eam
918 2512 1082 2597 reperisse
1109 2513 1332 2596 aliquem...

191 2657 198 2672 ·
335 2613 426 2684 Hera
442 2613 675 2684 reminiscatur
690 2635 787 2684 suam
802 2613 1081 2697 desperationem,
1096 2636 1198 2684 suum
1219 2614 1334 2684 horre

336 2735 419 2798 rem,
432 2736 540 2799 quum
551 2714 704 2797 ingressa
714 2715 873 2784 conclave
886 2714 1011 2797 reperit
1020 2737 1135 2784 arcam
1145 2715 1333 2796 evanuisse,

335 2814 547 2896 subductam,
562 2813 737 2884 venditam
750 2814 921 2898 perillum
936 2868 944 2884 .
960 2867 968 2884 .
986 2867 994 2884 .
1016 2836 1084 2884 non
1106 2835 1203 2885 secus
1217 2820 1252 2884 et
1266 2836 1332 2896 ego

336 2915 513 2998 desperavi
528 2913 731 2984 -exomni
746 2914 845 2984 corde
861 2914 1008 2984 conabar
1022 2914 1124 2984 Herae
1148 2914 1225 2985 usui
1249 2935 1332 2984 ease.

337 3015 387 3084 Ea
401 3022 500 3086 nocte
514 3015 658 3085 conveni
678 3015 814 3098 istum,’'
839 3022 929 3085 nutu
954 3015 1101 3099 effigiem
1126 3015 1278 3086 indicans
1297 3015 1332 3086 in

337 3116 407 3185 solo
421 3115 597 3186 iacentem.
613 3115 702 3184 Eum
716 3114 865 3186 edocui.''

306 3243 309 3249 '
420 3233 513 3304 Hera
527 3255 599 3315 sua,
615 3233 712 3316 quasi
726 3233 761 3303 in
777 3255 898 3303 saxum
921 3241 1064 3318 mutata,
1087 3234 1191 3305 stetit.
1221 3233 1335 3316 Suspi-

338 3334 441 3404 cabur
454 3334 528 3404 eius
541 3355 706 3417 angorem
721 3340 757 3404 et
770 3333 1048 3405 humiliationem.

422 3448 518 3534 “lpse
532 3473 553 3521 a
568 3473 623 3520 me
638 3449 871 3521 sciscitabatur
886 3486 926 3496 -
940 3451 1105 3522 intellexit
1115 3452 1335 3522 omnia-fu

339 3551 463 3634 rulum,
478 3551 537 3635 qui
551 3551 596 3620 sit
610 3549 813 3634 aperiendus
827 3586 869 3596 —
883 3558 1016 3621 cuncta.
1039 3553 1087 3621 At
1110 3574 1175 3635 ego
1199 3553 1336 3622 consilia

339 3673 401 3722 sua
415 3672 635 3735 nequaquam
656 3650 852 3734 suspicabar
866 3673 1061 3735 -prorsus
1082 3651 1165 3722 nihil
1189 3652 1338 3736 suspica·

338 3751 439 3821 tionis
454 3749 568 3821 habui.
590 3751 720 3822 Verum
735 3750 770 3820 in
785 3752 865 3821 navi
880 3752 950 3821 vidi
975 3773 1075 3834 eum„
1099 3759 1175 3823 tum
1197 3752 1336 3823 demum

338 3850 497 3921 intellexi.
519 3851 627 3934 Eheu,
642 3851 771 3934 accepit
785 3850 877 3935 quod
892 3851 1017 3922 meruit
1027 3850 1056 3920 !’'

424 3953 501 4035 Ipsa
515 3958 589 4021 tota
603 3951 781 4034 tremebat,
793 3950 1018 4034 manibusque
1027 3953 1141 4022 oculos
1151 3953 1333 4036 operiebat.

424 4067 537 4139 “Nihil
558 4069 644 4152 plus,
670 4068 772 4152 Hera,
797 4068 952 4139 existimo
978 4071 1184 4153 superesse,”
1207 4070 1337 4142 addidit

341 4192 452 4242 rauce.
