<?xml version="1.0" encoding="UTF-8"?>
<!DOCTYPE html PUBLIC "-//W3C//DTD XHTML 1.0 Transitional//EN"
    "http://www.w3.org/TR/xhtml1/DTD/xhtml1-transitional.dtd">
<html xmlns="http://www.w3.org/1999/xhtml" xml:lang="en" lang="en">
 <head>
  <title>
</title>
<meta http-equiv="Content-Type" content="text/html;charset=utf-8" />
  <meta name='ocr-system' content='tesseract 3.04.00' />
  <meta name='ocr-capabilities' content='ocr_page ocr_carea ocr_par ocr_line ocrx_word'/>
</head>
<body>
  <div class='ocr_page' id='page_1' title='image "./mysteriumarcbou00mogygoog/mysteriumarcbou00mogygoog_0075.png"; bbox 0 0 3502 5158; ppageno 0'>
   <div class='ocr_carea' id='block_1_1' title="bbox 434 857 1173 932">
    <p class='ocr_par' dir='ltr' id='par_1_1' title="bbox 434 857 1173 932">
     <span class='ocr_line' id='line_1_1' title="bbox 434 857 1173 932; baseline 0.005 -4"><span class='ocrx_word' id='word_1_1' title='bbox 434 857 477 928; x_wconf 86' lang='lat'><strong>60</strong></span> <span class='ocrx_word' id='word_1_2' title='bbox 696 875 905 930; x_wconf 79' lang='lat' dir='ltr'><strong>ursmnmu</strong></span> <span class='ocrx_word' id='word_1_3' title='bbox 925 877 1034 932; x_wconf 74' lang='lat' dir='ltr'><strong>anem</strong></span> <span class='ocrx_word' id='word_1_4' title='bbox 1054 872 1173 932; x_wconf 83' lang='lat' dir='ltr'><strong>noum</strong></span> 
     </span>
    </p>
   </div>
   <div class='ocr_carea' id='block_1_2' title="bbox 431 1043 1434 1764">
    <p class='ocr_par' dir='ltr' id='par_1_2' title="bbox 434 1043 1434 1232">
     <span class='ocr_line' id='line_1_2' title="bbox 434 1043 1434 1129; baseline -0.001 -12"><span class='ocrx_word' id='word_1_5' title='bbox 434 1047 532 1128; x_wconf 81' lang='lat' dir='ltr'><strong>nivit,</strong></span> <span class='ocrx_word' id='word_1_6' title='bbox 547 1065 613 1128; x_wconf 89' lang='lat' dir='ltr'><strong>ego</strong></span> <span class='ocrx_word' id='word_1_7' title='bbox 627 1043 752 1114; x_wconf 88' lang='lat' dir='ltr'><strong>ostium</strong></span> <span class='ocrx_word' id='word_1_8' title='bbox 766 1045 896 1128; x_wconf 73' lang='lat' dir='ltr'><strong>aperiri,</strong></span> <span class='ocrx_word' id='word_1_9' title='bbox 911 1045 1050 1129; x_wconf 91' lang='lat' dir='ltr'><strong>vidique</strong></span> <span class='ocrx_word' id='word_1_10' title='bbox 1075 1045 1253 1116; x_wconf 88' lang='lat' dir='ltr'><strong>mulierem</strong></span> <span class='ocrx_word' id='word_1_11' title='bbox 1277 1045 1313 1116; x_wconf 91' lang='lat' dir='ltr'><strong>in</strong></span> <span class='ocrx_word' id='word_1_12' title='bbox 1338 1045 1434 1116; x_wconf 84' lang='lat' dir='ltr'><strong>fasti·</strong></span> 
     </span>
     <span class='ocr_line' id='line_1_3' title="bbox 435 1145 828 1232; baseline -0.015 -13"><span class='ocrx_word' id='word_1_13' title='bbox 435 1149 491 1232; x_wconf 91' lang='lat' dir='ltr'><strong>gio</strong></span> <span class='ocrx_word' id='word_1_14' title='bbox 505 1145 635 1231; x_wconf 77' lang='lat' dir='ltr'><strong>grados</strong></span> <span class='ocrx_word' id='word_1_15' title='bbox 648 1145 828 1214; x_wconf 89' lang='lat' dir='ltr'><strong>stantem”</strong></span> 
     </span>
    </p>

    <p class='ocr_par' dir='ltr' id='par_1_3' title="bbox 431 1261 1433 1538">
     <span class='ocr_line' id='line_1_4' title="bbox 518 1261 1433 1346; baseline -0.002 -12"><span class='ocrx_word' id='word_1_16' title='bbox 518 1265 648 1346; x_wconf 88' lang='lat' dir='ltr'><strong>Rogers</strong></span> <span class='ocrx_word' id='word_1_17' title='bbox 660 1261 840 1345; x_wconf 87' lang='lat' dir='ltr'><strong>paululum</strong></span> <span class='ocrx_word' id='word_1_18' title='bbox 870 1262 1043 1346; x_wconf 86' lang='lat' dir='ltr'><strong>conticuit,</strong></span> <span class='ocrx_word' id='word_1_19' title='bbox 1058 1283 1098 1333; x_wconf 85' lang='lat' dir='ltr'><strong>ac</strong></span> <span class='ocrx_word' id='word_1_20' title='bbox 1112 1263 1215 1334; x_wconf 85' lang='lat' dir='ltr'><strong>semel</strong></span> <span class='ocrx_word' id='word_1_21' title='bbox 1239 1263 1433 1346; x_wconf 84' lang='lat' dir='ltr'><strong>iterumque</strong></span> 
     </span>
     <span class='ocr_line' id='line_1_5' title="bbox 432 1361 1433 1452; baseline -0.006 -14"><span class='ocrx_word' id='word_1_22' title='bbox 432 1363 583 1452; x_wconf 84' lang='lat' dir='ltr'><strong>glutivit,</strong></span> <span class='ocrx_word' id='word_1_23' title='bbox 598 1361 667 1432; x_wconf 88' lang='lat' dir='ltr'><strong>acsi</strong></span> <span class='ocrx_word' id='word_1_24' title='bbox 680 1362 767 1431; x_wconf 85' lang='lat' dir='ltr'><strong>faux</strong></span> <span class='ocrx_word' id='word_1_25' title='bbox 781 1361 827 1432; x_wconf 93' lang='lat' dir='ltr'><strong>illi</strong></span> <span class='ocrx_word' id='word_1_26' title='bbox 842 1362 937 1433; x_wconf 84' lang='lat' dir='ltr'><strong>arida</strong></span> <span class='ocrx_word' id='word_1_27' title='bbox 951 1370 1050 1446; x_wconf 84' lang='lat' dir='ltr'><strong>esset,</strong></span> <span class='ocrx_word' id='word_1_28' title='bbox 1068 1362 1207 1447; x_wconf 86' lang='lat' dir='ltr'><strong>vidique</strong></span> <span class='ocrx_word' id='word_1_29' title='bbox 1222 1362 1345 1446; x_wconf 89' lang='lat' dir='ltr'><strong>digitos</strong></span> <span class='ocrx_word' id='word_1_30' title='bbox 1359 1362 1433 1432; x_wconf 91' lang='lat' dir='ltr'><strong>eius</strong></span> 
     </span>
     <span class='ocr_line' id='line_1_6' title="bbox 431 1461 741 1538; baseline -0.019 0"><span class='ocrx_word' id='word_1_31' title='bbox 431 1485 576 1538; x_wconf 82' lang='lat' dir='ltr'>nervose</span> <span class='ocrx_word' id='word_1_32' title='bbox 589 1461 741 1534; x_wconf 87' lang='lat' dir='ltr'><strong>convelli.</strong></span> 
     </span>
    </p>

    <p class='ocr_par' dir='ltr' id='par_1_4' title="bbox 515 1560 1128 1646">
     <span class='ocr_line' id='line_1_7' title="bbox 515 1560 1128 1646; baseline -0.002 -12"><span class='ocrx_word' id='word_1_33' title='bbox 515 1561 714 1634; x_wconf 83' lang='lat' dir='ltr'><strong>“Novistine</strong></span> <span class='ocrx_word' id='word_1_34' title='bbox 729 1560 851 1630; x_wconf 84' lang='lat' dir='ltr'><strong>eam?”</strong></span> <span class='ocrx_word' id='word_1_35' title='bbox 865 1562 989 1645; x_wconf 88' lang='lat' dir='ltr'><strong>quaerit</strong></span> <span class='ocrx_word' id='word_1_36' title='bbox 1004 1562 1128 1646; x_wconf 88' lang='lat' dir='ltr'><strong>Grady.</strong></span> 
     </span>
    </p>

    <p class='ocr_par' dir='ltr' id='par_1_5' title="bbox 513 1679 1430 1764">
     <span class='ocr_line' id='line_1_8' title="bbox 513 1679 1430 1764; baseline -0.004 -12"><span class='ocrx_word' id='word_1_37' title='bbox 513 1679 780 1764; x_wconf 89' lang='lat' dir='ltr'><strong>Rogerscollare</strong></span> <span class='ocrx_word' id='word_1_38' title='bbox 795 1699 896 1749; x_wconf 91' lang='lat' dir='ltr'><strong>suum</strong></span> <span class='ocrx_word' id='word_1_39' title='bbox 920 1679 1107 1750; x_wconf 81' lang='lat' dir='ltr'><strong>vellicando</strong></span> <span class='ocrx_word' id='word_1_40' title='bbox 1130 1679 1261 1749; x_wconf 89' lang='lat' dir='ltr'><strong>solvere</strong></span> <span class='ocrx_word' id='word_1_41' title='bbox 1286 1699 1430 1749; x_wconf 82' lang='lat' dir='ltr'><strong>nervose</strong></span> 
     </span>
    </p>
   </div>
   <div class='ocr_carea' id='block_1_3' title="bbox 428 1779 1428 2262">
    <p class='ocr_par' dir='ltr' id='par_1_6' title="bbox 430 1779 618 1864">
     <span class='ocr_line' id='line_1_9' title="bbox 430 1779 618 1864; baseline -0.032 -10"><span class='ocrx_word' id='word_1_42' title='bbox 430 1779 618 1864; x_wconf 85' lang='lat' dir='ltr'><strong>satagebat.</strong></span> 
     </span>
    </p>

    <p class='ocr_par' dir='ltr' id='par_1_7' title="bbox 428 1876 1428 2062">
     <span class='ocr_line' id='line_1_10' title="bbox 513 1876 1428 1961; baseline -0.004 -11"><span class='ocrx_word' id='word_1_43' title='bbox 513 1879 613 1950; x_wconf 89' lang='lat' dir='ltr'><strong>“Non</strong></span> <span class='ocrx_word' id='word_1_44' title='bbox 627 1898 702 1961; x_wconf 93' lang='lat' dir='ltr'><strong>ego,</strong></span> <span class='ocrx_word' id='word_1_45' title='bbox 717 1876 764 1946; x_wconf 95' lang='lat' dir='ltr'><strong>mi</strong></span> <span class='ocrx_word' id='word_1_46' title='bbox 779 1877 880 1960; x_wconf 91' lang='lat' dir='ltr'><strong>Here,</strong></span> <span class='ocrx_word' id='word_1_47' title='bbox 901 1898 1077 1960; x_wconf 88' lang='lat' dir='ltr'><strong>nunquam</strong></span> <span class='ocrx_word' id='word_1_48' title='bbox 1100 1899 1177 1948; x_wconf 85' lang='lat' dir='ltr'><strong>eam</strong></span> <span class='ocrx_word' id='word_1_49' title='bbox 1201 1883 1304 1948; x_wconf 88' lang='lat' dir='ltr'><strong>antea</strong></span> <span class='ocrx_word' id='word_1_50' title='bbox 1327 1876 1428 1960; x_wconf 88' lang='lat' dir='ltr'><strong>vidi,’&#39;</strong></span> 
     </span>
     <span class='ocr_line' id='line_1_11' title="bbox 428 1975 729 2062; baseline -0.027 -8"><span class='ocrx_word' id='word_1_51' title='bbox 428 2002 531 2054; x_wconf 84' lang='lat' dir='ltr'><strong>rauce</strong></span> <span class='ocrx_word' id='word_1_52' title='bbox 546 1975 729 2062; x_wconf 82' lang='lat' dir='ltr'><strong>respondit</strong></span> 
     </span>
    </p>

    <p class='ocr_par' dir='ltr' id='par_1_8' title="bbox 512 2076 871 2150">
     <span class='ocr_line' id='line_1_12' title="bbox 512 2076 871 2150; baseline -0.014 0"><span class='ocrx_word' id='word_1_53' title='bbox 512 2077 691 2150; x_wconf 75' lang='lat' dir='ltr'><strong>“Describe</strong></span> <span class='ocrx_word' id='word_1_54' title='bbox 705 2077 751 2147; x_wconf 91' lang='lat' dir='ltr'><strong>sis</strong></span> <span class='ocrx_word' id='word_1_55' title='bbox 763 2076 871 2146; x_wconf 83' lang='lat' dir='ltr'><strong>eam.’&#39;</strong></span> 
     </span>
    </p>

    <p class='ocr_par' dir='ltr' id='par_1_9' title="bbox 510 2175 1428 2262">
     <span class='ocr_line' id='line_1_13' title="bbox 510 2175 1428 2262; baseline -0.001 -12"><span class='ocrx_word' id='word_1_56' title='bbox 510 2181 641 2262; x_wconf 85' lang='lat' dir='ltr'><strong>Rogers</strong></span> <span class='ocrx_word' id='word_1_57' title='bbox 655 2175 776 2247; x_wconf 86' lang='lat' dir='ltr'><strong>clausit</strong></span> <span class='ocrx_word' id='word_1_58' title='bbox 790 2177 904 2247; x_wconf 89' lang='lat' dir='ltr'><strong>oculos</strong></span> <span class='ocrx_word' id='word_1_59' title='bbox 918 2177 987 2247; x_wconf 88' lang='lat' dir='ltr'><strong>acsi</strong></span> <span class='ocrx_word' id='word_1_60' title='bbox 1009 2177 1207 2248; x_wconf 84' lang='lat' dir='ltr'><strong>memoriam</strong></span> <span class='ocrx_word' id='word_1_61' title='bbox 1233 2177 1428 2261; x_wconf 81' lang='lat' dir='ltr'><strong>recolligere</strong></span> 
     </span>
    </p>
   </div>
   <div class='ocr_carea' id='block_1_4' title="bbox 420 2282 1426 3378">
    <p class='ocr_par' dir='ltr' id='par_1_10' title="bbox 428 2282 541 2353">
     <span class='ocr_line' id='line_1_14' title="bbox 428 2282 541 2353; baseline -0.027 0"><span class='ocrx_word' id='word_1_62' title='bbox 428 2282 541 2353; x_wconf 80' lang='lat' dir='ltr'><strong>vellet</strong></span> 
     </span>
    </p>

    <p class='ocr_par' dir='ltr' id='par_1_11' title="bbox 422 2392 1426 2977">
     <span class='ocr_line' id='line_1_15' title="bbox 509 2392 1426 2480; baseline -0.002 -14"><span class='ocrx_word' id='word_1_63' title='bbox 509 2394 608 2480; x_wconf 86' lang='lat' dir='ltr'><strong>“Ipsa</strong></span> <span class='ocrx_word' id='word_1_64' title='bbox 621 2393 762 2477; x_wconf 87' lang='lat' dir='ltr'><strong>spissam</strong></span> <span class='ocrx_word' id='word_1_65' title='bbox 777 2392 894 2463; x_wconf 88' lang='lat' dir='ltr'><strong>ricam¹</strong></span> <span class='ocrx_word' id='word_1_66' title='bbox 909 2393 1060 2476; x_wconf 79' lang='lat' dir='ltr'><strong>gerebat,</strong></span> <span class='ocrx_word' id='word_1_67' title='bbox 1075 2394 1122 2463; x_wconf 94' lang='lat' dir='ltr'><strong>mi</strong></span> <span class='ocrx_word' id='word_1_68' title='bbox 1137 2394 1238 2478; x_wconf 90' lang='lat' dir='ltr'><strong>Here,</strong></span> <span class='ocrx_word' id='word_1_69' title='bbox 1264 2393 1341 2466; x_wconf 89' lang='lat' dir='ltr'><strong>ideo</strong></span> <span class='ocrx_word' id='word_1_70' title='bbox 1363 2417 1426 2465; x_wconf 86' lang='lat' dir='ltr'><strong>nec</strong></span> 
     </span>
     <span class='ocr_line' id='line_1_16' title="bbox 425 2492 1426 2578; baseline -0.003 -11"><span class='ocrx_word' id='word_1_71' title='bbox 425 2496 508 2568; x_wconf 91' lang='lat' dir='ltr'><strong>satis</strong></span> <span class='ocrx_word' id='word_1_72' title='bbox 532 2500 690 2566; x_wconf 88' lang='lat' dir='ltr'><strong>accurate</strong></span> <span class='ocrx_word' id='word_1_73' title='bbox 713 2513 788 2563; x_wconf 89' lang='lat' dir='ltr'><strong>eam</strong></span> <span class='ocrx_word' id='word_1_74' title='bbox 813 2492 901 2575; x_wconf 88' lang='lat' dir='ltr'><strong>vidi;</strong></span> <span class='ocrx_word' id='word_1_75' title='bbox 930 2493 1078 2576; x_wconf 88' lang='lat' dir='ltr'><strong>primum</strong></span> <span class='ocrx_word' id='word_1_76' title='bbox 1104 2500 1220 2565; x_wconf 83' lang='lat' dir='ltr'><strong>tamen</strong></span> <span class='ocrx_word' id='word_1_77' title='bbox 1235 2494 1328 2578; x_wconf 89' lang='lat' dir='ltr'><strong>quod</strong></span> <span class='ocrx_word' id='word_1_78' title='bbox 1342 2494 1426 2564; x_wconf 91' lang='lat' dir='ltr'><strong>mihi</strong></span> 
     </span>
     <span class='ocr_line' id='line_1_17' title="bbox 423 2592 1426 2680; baseline -0.001 -14"><span class='ocrx_word' id='word_1_79' title='bbox 423 2595 613 2680; x_wconf 86' lang='lat' dir='ltr'><strong>praesertim</strong></span> <span class='ocrx_word' id='word_1_80' title='bbox 625 2592 785 2675; x_wconf 91' lang='lat' dir='ltr'><strong>innotuit,</strong></span> <span class='ocrx_word' id='word_1_81' title='bbox 811 2593 899 2662; x_wconf 91' lang='lat' dir='ltr'><strong>oculi</strong></span> <span class='ocrx_word' id='word_1_82' title='bbox 921 2599 1020 2663; x_wconf 87' lang='lat' dir='ltr'><strong>erant</strong></span> <span class='ocrx_word' id='word_1_83' title='bbox 1046 2639 1084 2651; x_wconf 89' lang='lat'>-</span> <span class='ocrx_word' id='word_1_84' title='bbox 1111 2593 1196 2664; x_wconf 92' lang='lat' dir='ltr'><strong>ethi</strong></span> <span class='ocrx_word' id='word_1_85' title='bbox 1211 2593 1342 2678; x_wconf 84' lang='lat' dir='ltr'><strong>ardere,</strong></span> <span class='ocrx_word' id='word_1_86' title='bbox 1357 2615 1426 2665; x_wconf 88' lang='lat' dir='ltr'><strong>me-</strong></span> 
     </span>
     <span class='ocr_line' id='line_1_18' title="bbox 423 2690 1425 2780; baseline -0.002 -14"><span class='ocrx_word' id='word_1_87' title='bbox 423 2717 491 2780; x_wconf 90' lang='lat' dir='ltr'><strong>que</strong></span> <span class='ocrx_word' id='word_1_88' title='bbox 513 2695 614 2778; x_wconf 83' lang='lat' dir='ltr'><strong>plane</strong></span> <span class='ocrx_word' id='word_1_89' title='bbox 638 2699 817 2776; x_wconf 85' lang='lat' dir='ltr'><strong>penetrare</strong></span> <span class='ocrx_word' id='word_1_90' title='bbox 845 2690 1021 2775; x_wconf 86' lang='lat' dir='ltr'><strong>parebant.</strong></span> <span class='ocrx_word' id='word_1_91' title='bbox 1052 2693 1170 2764; x_wconf 85' lang='lat' dir='ltr'><strong>Facies</strong></span> <span class='ocrx_word' id='word_1_92' title='bbox 1193 2715 1282 2777; x_wconf 82' lang='lat' dir='ltr'><strong>pone</strong></span> <span class='ocrx_word' id='word_1_93' title='bbox 1306 2694 1425 2764; x_wconf 91' lang='lat' dir='ltr'><strong>velum</strong></span> 
     </span>
     <span class='ocr_line' id='line_1_19' title="bbox 422 2791 1424 2877; baseline -0.003 -11"><span class='ocrx_word' id='word_1_94' title='bbox 422 2792 631 2876; x_wconf 84' lang='lat' dir='ltr'><strong>candicabat,</strong></span> <span class='ocrx_word' id='word_1_95' title='bbox 657 2791 808 2874; x_wconf 84' lang='lat' dir='ltr'><strong>satisque</strong></span> <span class='ocrx_word' id='word_1_96' title='bbox 830 2791 901 2861; x_wconf 90' lang='lat' dir='ltr'><strong>vidi</strong></span> <span class='ocrx_word' id='word_1_97' title='bbox 928 2791 1018 2862; x_wconf 87' lang='lat' dir='ltr'><strong>labia</strong></span> <span class='ocrx_word' id='word_1_98' title='bbox 1042 2792 1165 2862; x_wconf 91' lang='lat' dir='ltr'><strong>rubere</strong></span> <span class='ocrx_word' id='word_1_99' title='bbox 1190 2827 1233 2838; x_wconf 94' lang='lat'>—</span> <span class='ocrx_word' id='word_1_100' title='bbox 1247 2801 1424 2877; x_wconf 87' lang='lat' dir='ltr'><strong>aspectum</strong></span> 
     </span>
     <span class='ocr_line' id='line_1_20' title="bbox 423 2890 1199 2977; baseline -0.004 -12"><span class='ocrx_word' id='word_1_101' title='bbox 423 2895 507 2977; x_wconf 89' lang='lat' dir='ltr'><strong>eius,</strong></span> <span class='ocrx_word' id='word_1_102' title='bbox 522 2893 569 2963; x_wconf 91' lang='lat' dir='ltr'><strong>mi</strong></span> <span class='ocrx_word' id='word_1_103' title='bbox 583 2893 684 2975; x_wconf 87' lang='lat' dir='ltr'><strong>Here,</strong></span> <span class='ocrx_word' id='word_1_104' title='bbox 699 2891 778 2960; x_wconf 90' lang='lat' dir='ltr'><strong>inde</strong></span> <span class='ocrx_word' id='word_1_105' title='bbox 792 2890 837 2960; x_wconf 91' lang='lat' dir='ltr'><strong>ab</strong></span> <span class='ocrx_word' id='word_1_106' title='bbox 851 2891 948 2960; x_wconf 91' lang='lat' dir='ltr'><strong>initio</strong></span> <span class='ocrx_word' id='word_1_107' title='bbox 962 2892 1199 2974; x_wconf 87' lang='lat' dir='ltr'><strong>aspernabar.’&#39;</strong></span> 
     </span>
    </p>

    <p class='ocr_par' dir='ltr' id='par_1_12' title="bbox 509 3007 871 3093">
     <span class='ocr_line' id='line_1_21' title="bbox 509 3007 871 3093; baseline -0.006 -15"><span class='ocrx_word' id='word_1_108' title='bbox 509 3008 597 3093; x_wconf 77' lang='lat' dir='ltr'><strong>“Qui</strong></span> <span class='ocrx_word' id='word_1_109' title='bbox 612 3015 686 3078; x_wconf 89' lang='lat' dir='ltr'><strong>erat</strong></span> <span class='ocrx_word' id='word_1_110' title='bbox 701 3007 822 3076; x_wconf 90' lang='lat' dir='ltr'><strong>induta</strong></span> <span class='ocrx_word' id='word_1_111' title='bbox 835 3007 871 3077; x_wconf 79' lang='lat' dir='ltr'><strong>l”</strong></span> 
     </span>
    </p>

    <p class='ocr_par' dir='ltr' id='par_1_13' title="bbox 420 3107 1423 3378">
     <span class='ocr_line' id='line_1_22' title="bbox 505 3107 1423 3189; baseline -0.001 -10"><span class='ocrx_word' id='word_1_112' title='bbox 505 3107 611 3179; x_wconf 76' lang='lat' dir='ltr'><strong>“Atra</strong></span> <span class='ocrx_word' id='word_1_113' title='bbox 627 3107 723 3188; x_wconf 65' lang='lat' dir='ltr'><strong>stoli,</strong></span> <span class='ocrx_word' id='word_1_114' title='bbox 737 3112 810 3175; x_wconf 86' lang='lat' dir='ltr'><strong>tam</strong></span> <span class='ocrx_word' id='word_1_115' title='bbox 824 3127 947 3188; x_wconf 86' lang='lat' dir='ltr'><strong>parum</strong></span> <span class='ocrx_word' id='word_1_116' title='bbox 962 3107 1145 3189; x_wconf 70' lang='lat' dir='ltr'><strong>quadrata*</strong></span> <span class='ocrx_word' id='word_1_117' title='bbox 1159 3115 1201 3178; x_wconf 92' lang='lat' dir='ltr'><strong>ut</strong></span> <span class='ocrx_word' id='word_1_118' title='bbox 1216 3107 1303 3178; x_wconf 90' lang='lat' dir='ltr'><strong>illico</strong></span> <span class='ocrx_word' id='word_1_119' title='bbox 1317 3109 1423 3178; x_wconf 88' lang='lat' dir='ltr'><strong>anim-</strong></span> 
     </span>
     <span class='ocr_line' id='line_1_23' title="bbox 420 3206 1423 3289; baseline -0.001 -9"><span class='ocrx_word' id='word_1_120' title='bbox 420 3208 636 3280; x_wconf 86' lang='lat' dir='ltr'><strong>adverterem</strong></span> <span class='ocrx_word' id='word_1_121' title='bbox 650 3213 835 3289; x_wconf 85' lang='lat' dir='ltr'><strong>antequam</strong></span> <span class='ocrx_word' id='word_1_122' title='bbox 850 3206 964 3275; x_wconf 87' lang='lat' dir='ltr'><strong>locuta</strong></span> <span class='ocrx_word' id='word_1_123' title='bbox 978 3213 1067 3276; x_wconf 90' lang='lat' dir='ltr'><strong>esset</strong></span> <span class='ocrx_word' id='word_1_124' title='bbox 1082 3206 1248 3278; x_wconf 88' lang='lat' dir='ltr'><strong>Francam</strong></span> <span class='ocrx_word' id='word_1_125' title='bbox 1273 3229 1351 3278; x_wconf 82' lang='lat' dir='ltr'><strong>eam</strong></span> <span class='ocrx_word' id='word_1_126' title='bbox 1372 3231 1423 3279; x_wconf 88' lang='lat' dir='ltr'><strong>es·</strong></span> 
     </span>
     <span class='ocr_line' id='line_1_24' title="bbox 421 3308 488 3378; baseline 0.015 -41"><span class='ocrx_word' id='word_1_127' title='bbox 421 3329 458 3378; x_wconf 68' lang='lat' dir='ltr'><strong>se</strong></span> <span class='ocrx_word' id='word_1_128' title='bbox 469 3308 488 3338; x_wconf 76' lang='lat' dir='ltr'><strong>u</strong></span> 
     </span>
    </p>
   </div>
   <div class='ocr_carea' id='block_1_5' title="bbox 504 3419 1422 3506">
    <p class='ocr_par' dir='ltr' id='par_1_14' title="bbox 504 3419 1422 3506">
     <span class='ocr_line' id='line_1_25' title="bbox 504 3419 1422 3506; baseline 0.002 -13"><span class='ocrx_word' id='word_1_129' title='bbox 504 3421 587 3505; x_wconf 86' lang='lat' dir='ltr'><strong>“A,’&#39;</strong></span> <span class='ocrx_word' id='word_1_130' title='bbox 621 3421 766 3492; x_wconf 89' lang='lat' dir='ltr'><strong>miratus</strong></span> <span class='ocrx_word' id='word_1_131' title='bbox 794 3421 843 3491; x_wconf 86' lang='lat' dir='ltr'><strong>ait</strong></span> <span class='ocrx_word' id='word_1_132' title='bbox 872 3421 996 3504; x_wconf 87' lang='lat' dir='ltr'><strong>Grady,</strong></span> <span class='ocrx_word' id='word_1_133' title='bbox 1026 3419 1120 3506; x_wconf 85' lang='lat' dir='ltr'><strong>“ipsa</strong></span> <span class='ocrx_word' id='word_1_134' title='bbox 1146 3421 1253 3505; x_wconf 81' lang='lat' dir='ltr'><strong>igitm</strong></span> <span class='ocrx_word' id='word_1_135' title='bbox 1288 3423 1422 3495; x_wconf 84' lang='lat' dir='ltr'><strong>Franca</strong></span> 
     </span>
    </p>
   </div>
   <div class='ocr_carea' id='block_1_6' title="bbox 418 3539 1421 3722">
    <p class='ocr_par' dir='ltr' id='par_1_15' title="bbox 418 3539 1421 3722">
     <span class='ocr_line' id='line_1_26' title="bbox 503 3539 533 3590; baseline 0 -22"><span class='ocrx_word' id='word_1_136' title='bbox 503 3539 533 3590; x_wconf 60' lang='lat'><strong>1„</strong></span> 
     </span>
     <span class='ocr_line' id='line_1_27' title="bbox 418 3546 1421 3722; baseline 0.002 -14"><span class='ocrx_word' id='word_1_137' title='bbox 418 3546 494 3611; x_wconf 67' lang='lat' dir='ltr'><strong>emt</strong></span> <span class='ocrx_word' id='word_1_138' title='bbox 503 3593 586 3721; x_wconf 65' lang='lat' dir='ltr'><strong>2‘Itan</strong></span> <span class='ocrx_word' id='word_1_139' title='bbox 601 3659 700 3720; x_wconf 87' lang='lat' dir='ltr'><strong>sane;</strong></span> <span class='ocrx_word' id='word_1_140' title='bbox 722 3643 839 3708; x_wconf 85' lang='lat' dir='ltr'><strong>tamen</strong></span> <span class='ocrx_word' id='word_1_141' title='bbox 853 3637 1033 3720; x_wconf 84' lang='lat' dir='ltr'><strong>paululum</strong></span> <span class='ocrx_word' id='word_1_142' title='bbox 1048 3638 1153 3708; x_wconf 87' lang='lat' dir='ltr'><strong>etiam</strong></span> <span class='ocrx_word' id='word_1_143' title='bbox 1167 3639 1309 3722; x_wconf 90' lang='lat' dir='ltr'><strong>Anglice</strong></span> <span class='ocrx_word' id='word_1_144' title='bbox 1322 3641 1421 3710; x_wconf 83' lang='lat' dir='ltr'><strong>calle-</strong></span> 
     </span>
    </p>
   </div>
   <div class='ocr_carea' id='block_1_7' title="bbox 416 3901 1419 4220">
    <p class='ocr_par' dir='ltr' id='par_1_16' title="bbox 517 3901 1232 3971">
     <span class='ocr_line' id='line_1_28' title="bbox 517 3901 1232 3971; baseline 0 -13"><span class='ocrx_word' id='word_1_145' title='bbox 517 3907 542 3958; x_wconf 84' lang='lat'><strong>1.</strong></span> <span class='ocrx_word' id='word_1_146' title='bbox 554 3903 603 3956; x_wconf 87' lang='lat' dir='ltr'><strong>Est</strong></span> <span class='ocrx_word' id='word_1_147' title='bbox 616 3919 704 3968; x_wconf 86' lang='lat' dir='ltr'><strong>genus</strong></span> <span class='ocrx_word' id='word_1_148' title='bbox 715 3901 782 3966; x_wconf 79' lang='lat' dir='ltr'><strong>veli,</strong></span> <span class='ocrx_word' id='word_1_149' title='bbox 799 3919 852 3971; x_wconf 87' lang='lat' dir='ltr'><strong>quo</strong></span> <span class='ocrx_word' id='word_1_150' title='bbox 864 3902 992 3955; x_wconf 86' lang='lat' dir='ltr'><strong>mulieres</strong></span> <span class='ocrx_word' id='word_1_151' title='bbox 1005 3902 1111 3956; x_wconf 87' lang='lat' dir='ltr'><strong>vultum</strong></span> <span class='ocrx_word' id='word_1_152' title='bbox 1123 3909 1232 3970; x_wconf 86' lang='lat' dir='ltr'><strong>tegunt.</strong></span> 
     </span>
    </p>

    <p class='ocr_par' dir='ltr' id='par_1_17' title="bbox 416 3983 1419 4220">
     <span class='ocr_line' id='line_1_29' title="bbox 517 3983 1419 4056; baseline 0.002 -15"><span class='ocrx_word' id='word_1_153' title='bbox 517 3989 543 4041; x_wconf 85' lang='lat'><strong>2.</strong></span> <span class='ocrx_word' id='word_1_154' title='bbox 557 3983 723 4051; x_wconf 75' lang='lat' dir='ltr'><strong>Qscodrars,</strong></span> <span class='ocrx_word' id='word_1_155' title='bbox 740 3987 854 4052; x_wconf 80' lang='lat' dir='ltr'><strong>proprie,</strong></span> <span class='ocrx_word' id='word_1_156' title='bbox 867 3991 910 4038; x_wconf 75' lang='lat' dir='ltr'><strong>est</strong></span> <span class='ocrx_word' id='word_1_157' title='bbox 921 3985 1029 4038; x_wconf 85' lang='lat' dir='ltr'><strong>efficere</strong></span> <span class='ocrx_word' id='word_1_158' title='bbox 1039 3991 1072 4039; x_wconf 89' lang='lat' dir='ltr'><strong>ut</strong></span> <span class='ocrx_word' id='word_1_159' title='bbox 1082 3986 1186 4053; x_wconf 78' lang='lat' dir='ltr'><strong>aliquid</strong></span> <span class='ocrx_word' id='word_1_160' title='bbox 1199 3994 1316 4054; x_wconf 89' lang='lat' dir='ltr'><strong>quatuor</strong></span> <span class='ocrx_word' id='word_1_161' title='bbox 1333 4004 1419 4056; x_wconf 91' lang='lat' dir='ltr'><strong>angu-</strong></span> 
     </span>
     <span class='ocr_line' id='line_1_30' title="bbox 416 4068 1417 4135; baseline 0.001 -11"><span class='ocrx_word' id='word_1_162' title='bbox 416 4071 458 4124; x_wconf 87' lang='lat' dir='ltr'><strong>los</strong></span> <span class='ocrx_word' id='word_1_163' title='bbox 470 4069 586 4133; x_wconf 61' lang='lat' dir='ltr'><strong>habeon</strong></span> <span class='ocrx_word' id='word_1_164' title='bbox 603 4069 719 4122; x_wconf 87' lang='lat' dir='ltr'><strong>ulterius</strong></span> <span class='ocrx_word' id='word_1_165' title='bbox 731 4068 831 4122; x_wconf 85' lang='lat' dir='ltr'><strong>dieitur</strong></span> <span class='ocrx_word' id='word_1_166' title='bbox 843 4069 877 4122; x_wconf 89' lang='lat' dir='ltr'><strong>de</strong></span> <span class='ocrx_word' id='word_1_167' title='bbox 888 4085 1049 4135; x_wconf 79' lang='lat' dir='ltr'><strong>quacunque</strong></span> <span class='ocrx_word' id='word_1_168' title='bbox 1060 4083 1099 4130; x_wconf 87' lang='lat' dir='ltr'><strong>re,</strong></span> <span class='ocrx_word' id='word_1_169' title='bbox 1120 4071 1272 4135; x_wconf 71' lang='lat' dir='ltr'><strong>presertim</strong></span> <span class='ocrx_word' id='word_1_170' title='bbox 1284 4072 1318 4125; x_wconf 87' lang='lat' dir='ltr'><strong>de</strong></span> <span class='ocrx_word' id='word_1_171' title='bbox 1330 4079 1417 4135; x_wconf 85' lang='lat' dir='ltr'><strong>veste,</strong></span> 
     </span>
     <span class='ocr_line' id='line_1_31' title="bbox 416 4151 1211 4220; baseline 0 -14"><span class='ocrx_word' id='word_1_172' title='bbox 416 4169 478 4220; x_wconf 70' lang='lat' dir='ltr'><strong>que</strong></span> <span class='ocrx_word' id='word_1_173' title='bbox 491 4168 542 4206; x_wconf 86' lang='lat' dir='ltr'><strong>uec</strong></span> <span class='ocrx_word' id='word_1_174' title='bbox 554 4151 663 4217; x_wconf 83' lang='lat' dir='ltr'><strong>largior,</strong></span> <span class='ocrx_word' id='word_1_175' title='bbox 676 4167 727 4205; x_wconf 89' lang='lat' dir='ltr'><strong>nec</strong></span> <span class='ocrx_word' id='word_1_176' title='bbox 740 4152 841 4205; x_wconf 80' lang='lat' dir='ltr'><strong>arctior</strong></span> <span class='ocrx_word' id='word_1_177' title='bbox 853 4158 895 4205; x_wconf 86' lang='lat' dir='ltr'><strong>est</strong></span> <span class='ocrx_word' id='word_1_178' title='bbox 907 4167 988 4217; x_wconf 82' lang='lat' dir='ltr'><strong>quam</strong></span> <span class='ocrx_word' id='word_1_179' title='bbox 1001 4167 1061 4206; x_wconf 82' lang='lat' dir='ltr'><strong>esse</strong></span> <span class='ocrx_word' id='word_1_180' title='bbox 1071 4153 1211 4207; x_wconf 82' lang='lat' dir='ltr'><strong>convenit.</strong></span> 
     </span>
    </p>
   </div>
   <div class='ocr_carea' id='block_1_8' title="bbox 0 0 1756 5158">
    <p class='ocr_par' dir='ltr' id='par_1_18' title="bbox 0 0 1756 5158">
     <span class='ocr_line' id='line_1_32' title="bbox 0 0 1756 5158; baseline 0 9"><span class='ocrx_word' id='word_1_181' title='bbox 0 0 1756 5158; x_wconf 95' lang='lat' dir='ltr'><strong> </strong></span> 
     </span>
    </p>
   </div>
  </div>
 </body>
</html>
