3500 5158
433 885 498 958 256
696 899 906 956 nrsrnmum
926 899 1033 954 nncn
1054 891 1173 954 nouos

434 1075 544 1153 gerat,
569 1091 625 1139 me
648 1070 703 1139 hic
723 1075 973 1140 conventurum
996 1068 1146 1152 paravi‚''
1172 1066 1318 1150 explicat
1331 1065 1435 1135 herus

318 1257 326 1270 ·
433 1169 542 1252 Pigot.
565 1169 672 1240 “Cum
702 1191 743 1238 eo
772 1170 807 1238 in
836 1169 957 1239 urbem
985 1168 1034 1238 ire
1059 1167 1272 1252 exspectavi:
1294 1173 1431 1248 tempus

432 1270 523 1339 enirn
538 1277 650 1352 urget.
666 1269 847 1352 Praeterea‚
876 1291 946 1352 quo
974 1268 1075 1338 citius
1097 1289 1184 1351 opus
1203 1273 1360 1336 nostrum
1374 1287 1432 1348 ag-

432 1370 636 1452 grediemur,
652 1391 692 1439 eo
706 1369 862 1438 existimo
887 1368 1111 1438 verosimilius
1133 1389 1213 1438 cum
1235 1367 1355 1436 fructu
1369 1387 1432 1434 nos

432 1469 673 1539 elaboraturos.
694 1469 735 1550 A,
751 1469 896 1538 fortasse
911 1469 940 1538 is
954 1468 1008 1538 ille
1023 1475 1076 1537 est
1087 1467 1117 1536 !”
1132 1466 1309 1548 subiungit
1324 1486 1431 1548 quum

432 1591 550 1639 vocem
567 1569 794 1640 sciscitantem
808 1569 932 1638 elatam
956 1567 998 1638 de
1021 1567 1149 1646 “Musir
1163 1566 1324 1650 Piggott'’
1339 1563 1432 1636 audi-

433 1669 548 1739 visset.

515 1802 641 1872 Vocem
657 1823 722 1884 ego
737 1802 873 1884 agnovi,
887 1806 928 1871 ut
942 1808 978 1871 et
992 1800 1155 1884 Godrrey,
1175 1800 1346 1884 probeque
1362 1799 1431 1868 ani·

433 1902 600 1972 madverti
617 1902 774 1971 umbram
788 1901 936 1971 tristitiae
950 1900 984 1970 in
999 1901 1072 1971 eius
1086 1901 1197 1972 vultu.

515 2035 688 2105 Momento
703 2041 779 2117 post
800 2034 926 2118 Grady,
948 2034 1045 2104 cuius
1070 2033 1216 2104 calcibus
1241 2032 1431 2103 Simmonds

432 2135 620 2216 insistebat,
635 2134 726 2204 viam
739 2134 803 2204 sibi
817 2135 939 2205 cubitis
953 2156 1014 2218 per
1028 2133 1166 2205 turbam
1179 2132 1331 2217 parabat

517 2267 628 2338 “Here
651 2269 831 2352 Piggottt’·
857 2269 1053 2339 clamitabat
1073 2268 1198 2352 Grady,
1221 2288 1429 2350 manumque

432 2369 592 2454 gracilem
609 2369 729 2438 Franci
744 2369 850 2438 vastis
864 2368 934 2439 suis
948 2369 1086 2452 ungulis
1100 2367 1298 2451 compressit
1308 2390 1349 2437 ea
1359 2368 1432 2450 qui·

432 2471 510 2539 dem
525 2469 569 2552 vi,
586 2489 664 2552 quae
678 2469 749 2538 sine
766 2468 978 2538 dubitatione
993 2469 1143 2538 dolorem
1166 2467 1315 2537 incussit.
1347 2466 1431 2536 “De-

432 2571 535 2639 lectat
560 2591 615 2638 me
640 2568 756 2638 videre
782 2574 817 2638 te
841 2591 948 2652 posse,
972 2569 1019 2638 mi
1044 2569 1144 2638 Here.
1166 2567 1287 2638 Salvus
1302 2574 1375 2637 esto
1396 2568 1431 2636 in

433 2669 518 2739 urbe
541 2676 668 2751 nostra,
693 2676 734 2739 ut
756 2691 818 2738 nos
838 2669 893 2738 hic
908 2668 943 2737 in
958 2669 1115 2738 America
1141 2667 1250 2738 dicere
1275 2669 1431 2738 solemus.

433 2769 540 2838 Enixe
565 2789 663 2850 spero
689 2775 723 2838 te
747 2769 889 2852 Anglice
912 2769 1007 2850 scire,
1028 2790 1109 2838 nam
1123 2790 1188 2850 ego
1202 2767 1431 2852 linguaculam

434 2875 530 2938 tuam
553 2889 690 2951 prorsus
715 2890 783 2938 non
807 2870 921 2938 calleo.
945 2869 1019 2950 Ego
1042 2868 1202 2937 Delectus
1217 2867 1330 2950 Grady
1344 2889 1432 2951 sum,

433 2969 618 3052 praefectus
641 2968 787 3038 decuriae
812 2974 995 3051 agentum
1026 2969 1080 3038 hic
1103 2976 1220 3038 autem
1242 2967 1432 3040 Simmonds

433 3075 495 3149 est,
510 3090 601 3137 unus
615 3089 769 3138 meorum
783 3068 991 3138 hominum.''

516 3200 638 3272 Suavis
652 3201 725 3270 heri
740 3201 842 3286 Pigot
865 3223 999 3272 morum
1022 3201 1250 3284 tranquillitas
1271 3223 1315 3271 ne
1336 3201 1432 3272 mini·

433 3323 528 3372 mum
544 3301 681 3384 quidem
694 3309 769 3372 erat
783 3302 931 3372 turbata

518 3432 744 3516 “Pergratum
759 3435 842 3504 mihi
857 3443 909 3504 est
924 3443 969 3518 te,
982 3435 1030 3504 mi
1045 3435 1145 3517 Here,
1160 3435 1375 3518 convenisse;
1396 3444 1432 3507 et

433 3541 478 3616 te,
493 3533 539 3603 mi
555 3534 645 3603 Here
661 3534 806 3618 Sirnbn,'’
822 3536 919 3605 fatur
933 3536 997 3605 ille.
1014 3534 1087 3604 “Ita
1103 3557 1194 3618 sane,
1209 3535 1277 3606 scio
1291 3536 1431 3620 Anglice

433 3669 470 3680 -
490 3641 616 3716 tamen,
632 3641 672 3704 ut
686 3634 792 3716 vides,
806 3657 874 3705 non
890 3635 962 3706 sine
977 3635 1085 3706 arduo
1098 3642 1223 3706 conatu
1239 3635 1388 3719 loquor.’'

516 3765 598 3837 “Isti
622 3768 794 3848 relatores,
820 3775 862 3838 ut
883 3768 965 3838 mihi
991 3768 1137 3851 videtur,
1159 3768 1204 3839 ad
1230 3769 1371 3840 exitium
1395 3775 1431 3839 te

434 3867 646 3950 molestant,”
671 3867 795 3950 quibus
817 3867 916 3938 dictis
938 3891 999 3950 per
1022 3869 1160 3938 turbam
1179 3870 1427 3953 circumspexit,

434 3970 654 4050 frontemque
683 3969 833 4050 rugavit,
863 3991 970 4052 quum
1000 3968 1152 4052 Godfrey
1180 3969 1431 4040 animadvertit.

435 4067 528 4137 “lam
543 4068 678 4138 deceret
691 4090 753 4137 vos
768 4068 1051 4138 iuvenculosbinc
1061 4071 1238 4140 facessere.
1254 4070 1326 4140 Hac
1341 4071 1431 4139 enim

434 4189 578 4252 vespera
591 4167 675 4239 nihil
688 4190 708 4238 e
723 4168 820 4239 nobis
834 4168 980 4251 elicietis,
1006 4191 1128 4252 nonne,
1151 4170 1242 4241 Here
1257 4171 1434 4256 Piggottl”
