3554 5156
796 1899 946 1969 CAPUT
967 1901 1047 1969 XIV

756 2086 925 2153 Matrona
947 2085 1080 2156 Velotu.

503 2267 600 2337 Titus
619 2267 655 2336 in
681 2267 787 2337 rheda
809 2275 916 2338 erant.
939 2269 1052 2339 Herus
1074 2269 1297 2338 Hombiower
1321 2277 1421 2352 tergo

420 2367 464 2437 ad
479 2389 586 2450 equos
600 2390 698 2437 verso
715 2367 864 2449 sedebat,
892 2369 970 2438 duae
995 2376 1112 2438 autem
1137 2370 1297 2439 mulieres
1318 2369 1380 2439 sibi
1402 2391 1421 2438 e

421 2468 559 2552 regione
574 2468 670 2538 sedes
684 2468 905 2552 occupabant.
929 2469 1059 2538 Harum
1074 2476 1221 2552 utraque
1235 2469 1334 2552 nigro
1348 2475 1423 2539 erat

422 2568 552 2650 induta,
568 2569 742 2653 spisseque
758 2569 881 2649 velata,
905 2569 1065 2639 indicium
1091 2575 1207 2639 tamen
1233 2569 1421 2651 inerrabile,

424 2691 491 2751 quo
506 2675 663 2738 matrona
678 2676 714 2739 et
728 2669 848 2737 aneilla
863 2669 1120 2751 dignoscuntur,
1132 2691 1200 2738 non
1212 2669 1333 2738 defuit.
1349 2670 1422 2739 Hoc

423 2769 561 2853 quidem
577 2768 754 2839 discrimen
769 2769 942 2838 declaratu
957 2769 1189 2839 difficillimum
1199 2777 1298 2853 esset,
1307 2776 1422 2840 tamen

422 2869 563 2940 exstitit.

504 2970 618 3039 Herus
632 2968 854 3038 Homblower
869 2969 1009 3039 rhedam
1024 2969 1210 3039 intrantem
1218 2977 1311 3040 retro
1321 2969 1356 3038 in
1368 2991 1422 3039 me

423 3071 608 3155 spectabat.

506 3169 697 3250 “Testem’'
712 3169 833 3253 inquit,
850 3169 1052 3253 “quemdam
1067 3170 1327 3240 memoravisti.”

505 3269 601 3354 “Ipse
616 3271 683 3339 iam
699 3270 788 3339 domi
804 3271 951 3340 Vantine
972 3271 1055 3353 est‚''
1081 3270 1234 3354 explicui,
1258 3271 1422 3355 iuxtaque

423 3393 503 3441 eum
518 3370 663 3440 consedi.

505 3470 588 3540 “Hic
611 3470 715 3540 herus
739 3471 858 3540 Lester
884 3472 966 3552 est,'’
990 3493 1044 3540 me
1067 3471 1189 3541 sistens
1203 3471 1299 3540 fatur
1314 3471 1424 3540 Hom-

423 3572 559 3654 blower,
574 3579 610 3640 et
625 3579 780 3640 matrona
796 3572 838 3640 ad
853 3571 936 3653 haec,
953 3593 1056 3654 quam
1071 3571 1116 3641 illi
1142 3594 1183 3640 ex
1207 3571 1350 3641 adverso
1373 3593 1423 3640 se-

421 3671 568 3755 dentem,
584 3679 625 3741 ut
640 3671 810 3741 dominam
827 3672 941 3740 statim
964 3693 1183 3755 agnoveram,
1198 3679 1288 3741 nutu
1303 3672 1423 3755 capitis

422 3771 607 3856 respondit.

506 3871 609 3941 Nulla
624 3871 690 3940 alia
703 3871 809 3941 verba
823 3872 967 3941 fuerunt
993 3873 1133 3955 prolata.
1160 3871 1278 3941 Rheda
1303 3893 1423 3943 versus

420 3972 635 4042 Latamviam
651 3979 760 4054 vecta,
782 3973 848 4042 iter
862 3973 898 4040 in
924 3973 1042 4041 eadem
1069 3973 1127 4042 tali
1154 3973 1424 4056 prosequebatur

420 4073 601 4154 celeritate,
618 4073 710 4156 quali
729 4073 764 4140 in
786 4079 885 4142 tanta
904 4073 1101 4155 frequentia
1122 4072 1262 4155 provehi
1278 4080 1422 4156 poterat.

418 4173 567 4244 Subinde
597 4174 711 4243 oculos
739 4172 775 4242 in
799 4173 958 4243 mulieres
980 4171 1077 4243 nobis
1100 4172 1261 4244 adversas
1281 4173 1418 4257 conieci,
