3536 5156
809 885 906 940 uons
1290 867 1354 936 203

350 1055 385 1123 hi
400 1055 436 1124 in
451 1061 601 1125 mentem
617 1054 724 1137 venit,
739 1075 801 1124 nec
816 1053 887 1136 ipse
903 1052 1090 1136 quidquam
1112 1051 1196 1121 mihi
1218 1051 1260 1120 de
1282 1051 1353 1122 suis

353 1154 498 1224 consiliis
512 1154 669 1238 prodidit.

437 1255 566 1324 Dehinc
596 1276 735 1324 cursum
764 1252 954 1324 contentior
982 1251 1220 1336 prosequebar,
1255 1259 1354 1322 ratus

355 1354 506 1438 Godrrey
521 1376 625 1424 manu
640 1354 733 1424 haud
747 1354 831 1423 mihi
854 1353 1126 1437 significaturum
1149 1353 1267 1436 fuisse,
1289 1353 1353 1422 nisi

353 1477 408 1524 me
423 1456 584 1524 interesse
599 1455 771 1525 voluisset.
793 1455 906 1524 Cornu
923 1454 1029 1536 igitur
1044 1455 1078 1522 in
1102 1461 1254 1536 tempore
1278 1453 1356 1523 atti·

354 1554 400 1638 gi,
413 1555 551 1637 vidique
566 1555 751 1639 petoritum
766 1556 801 1624 in
817 1555 935 1624 Platea
959 1554 1062 1624 Sexta
1076 1575 1196 1623 versus
1211 1560 1355 1636 septem-

355 1655 500 1724 trionem
514 1654 580 1724 iter
593 1655 734 1724 flexisse.
751 1655 871 1737 Igitur,
887 1653 1035 1737 primum
1050 1674 1154 1736 quam
1169 1652 1354 1737 petoritum

354 1760 390 1824 et
416 1755 658 1838 subsequentia
684 1756 811 1837 pilenta
834 1755 922 1823 visui
945 1775 1020 1823 meo
1044 1775 1080 1822 se
1103 1753 1353 1835 subduxissent,

354 1855 501 1924 maximo
517 1876 619 1937 quam
635 1877 697 1937 par
710 1876 804 1924 eram
826 1876 928 1924 cursu
941 1854 976 1922 in
991 1853 1128 1923 tramite
1143 1874 1198 1923 me
1213 1853 1353 1935 concito,

352 1955 621 2039 perveniensque
630 1955 664 2024 in
678 1977 793 2036 cornu,
809 1956 909 2025 laetus
922 1953 992 2023 vidi
1003 1953 1160 2023 vehicula
1170 1954 1281 2037 aloc0,
1293 1953 1352 2023 ubi

353 2062 429 2124 tum
455 2055 597 2137 stabam,
624 2055 716 2124 haud
739 2057 887 2124 multum
908 2054 1034 2124 abesse.
1072 2053 1353 2137 Quandoquidem

353 2154 549 2238 frequentia
563 2155 617 2224 hic
633 2156 815 2225 admodum
831 2161 905 2223 erat
919 2154 1032 2237 densa,
1054 2153 1240 2237 petoritum
1260 2153 1353 2223 haud

339 2245 500 2325 'multum
515 2254 677 2338 proficere
693 2262 836 2338 poterat,
852 2262 887 2323 et
901 2276 965 2337 ego
984 2253 1076 2323 haud
1096 2276 1221 2336 magno
1240 2255 1354 2324 labore

353 2377 473 2437 gressu
488 2355 521 2424 id
538 2356 718 2438 adaequare
732 2363 896 2438 poteram,
912 2355 995 2436 quin
1010 2376 1065 2423 me
1080 2355 1115 2423 in
1130 2362 1228 2424 tanta
1252 2354 1354 2424 turba

358 2463 554 2538 suspectum
564 2456 741 2525 redderem
749 2477 851 2524 cursu
860 2455 1011 2524 anhelus.
1025 2455 1114 2535 Quin
1130 2455 1232 2524 etiam
1248 2455 1355 2523 satius

355 2555 436 2624 duxi
462 2577 517 2624 me
542 2556 577 2624 in
605 2556 706 2624 turba
720 2554 934 2637 aliquantum
961 2554 1164 2623 retrahendo
1190 2554 1297 2623 celare
1319 2555 1354 2623 in

356 2655 502 2737 tramite,
528 2677 572 2723 ne
597 2654 748 2723 Armand
772 2655 1057 2736 circumspectans
1080 2676 1134 2723 me
1165 2655 1355 2724 clanculum

356 2777 435 2824 eum
451 2755 607 2824 insectari
622 2755 883 2837 conspicaretur.

441 2855 535 2924 Idem
561 2855 785 2924 animadverti
809 2863 844 2924 et
870 2855 1021 2936 Godfrey
1047 2861 1151 2938 atque
1166 2854 1356 2926 Simmonds

361 2955 482 3035 vereri,
498 2979 577 3024 nam
594 2956 664 3024 vidi
680 2956 847 3037 pilentum
861 2955 904 3024 ad
926 2955 1023 3023 incile
1048 2956 1229 3025 deversum
1255 2957 1360 3026 consi-

359 3063 448 3124 stere
457 3078 560 3138 seque
570 3056 741 3125 continere
752 3055 1005 3135 tantisperdum
1015 3056 1199 3138 petoritum
1208 3058 1359 3139 aliquan-

357 3164 432 3224 tum
447 3157 719 3238 progrederetur.
753 3156 817 3225 Via
832 3156 978 3238 denique
993 3155 1167 3225 Sedecima
1181 3179 1215 3224 se
1231 3157 1355 3226 iterum

356 3255 399 3324 ad
414 3255 623 3325 occidentem
639 3257 785 3338 deflexit,
808 3256 886 3325 inde
908 3262 1024 3325 autem
1040 3255 1104 3324 iter
1118 3256 1153 3324 in
1169 3257 1287 3327 Platea
1301 3257 1357 3328 Se·

356 3355 463 3438 ptima
478 3364 696 3439 prosecutum
712 3364 773 3425 est.

440 3456 609 3538 Quidnam
624 3456 727 3525 herus
743 3455 893 3524 Armand
909 3455 971 3524 hac
993 3456 1028 3524 in
1055 3463 1151 3538 parte
1177 3457 1272 3527 urbis
1293 3457 1355 3527 sibi

357 3557 529 3639 agendum
545 3556 669 3639 putat?
691 3578 712 3624 a
725 3578 781 3624 me
795 3556 868 3638 ipso
882 3578 1008 3637 quaero.
1039 3557 1144 3625 Estne
1158 3557 1219 3627 sibi
1234 3559 1269 3627 in
1285 3559 1355 3628 ani-

358 3679 414 3725 mo
429 3657 516 3724 hanc
532 3656 804 3738 pretiosissimam
831 3677 944 3724 arcam
960 3656 995 3723 in
1010 3656 1074 3724 ista
1090 3678 1281 3727 aerumnosa
1301 3681 1356 3728 ur·

358 3757 409 3826 bis
424 3763 521 3838 parte
536 3755 750 3838 relinquere?
773 3756 836 3824 Hic
851 3755 963 3824 subito
987 3756 1130 3839 constiti,
1155 3763 1191 3825 et
1212 3757 1247 3826 in
1263 3759 1356 3840 angi-

357 3865 494 3939 portum
521 3857 650 3938 secessi,
666 3855 758 3938 quod
773 3856 957 3938 petoritum
981 3877 1049 3924 non
1074 3856 1258 3926 admodum
1281 3881 1356 3942 pro

356 3957 409 4026 cul
433 3963 514 4025 ante
535 3977 591 4024 me
617 3956 778 4038 substitit,
806 3964 840 4024 et
866 3954 910 4025 ad
933 3957 1105 4025 tramitem
1121 3979 1297 4027 reversum
1319 3980 1356 4028 se

358 4055 514 4139 propulit.

441 4155 549 4225 Caute
564 4161 782 4239 prospectans
795 4156 864 4224 vidi
879 4163 914 4224 et
928 4156 1094 4239 pilentum
1119 4156 1271 4227 Armand
1296 4158 1356 4228 ibi·
