3502 5158
829 1927 979 2000 CAPUT
999 1929 1030 2000 V

693 2115 815 2198 Grodp
838 2113 991 2198 Operam
1014 2117 1166 2198 Confert.

517 2296 607 2381 QVAE
622 2298 744 2369 dehine
759 2301 951 2384 gestarunt,
967 2300 1060 2371 haud
1074 2301 1163 2371 clare
1178 2300 1326 2370 memini.
1341 2301 1430 2370 Tan·

433 2402 469 2466 to
484 2418 539 2466 me
555 2398 723 2482 stringore
737 2401 901 2471 afflictum
927 2400 1025 2483 sensi,
1053 2407 1093 2470 ut
1118 2401 1176 2470 vix
1199 2401 1281 2471 satis
1306 2401 1430 2471 virium

432 2497 589 2580 colligere
602 2521 735 2583 possem
750 2523 818 2585 quo
837 2503 893 2571 vel
903 2501 946 2571 ad
955 2501 1071 2571 sellam
1083 2500 1364 2584 propinquarnme
1381 2522 1432 2571 re·

433 2597 536 2680 ferre,
562 2599 676 2682 ibique
700 2601 873 2671 considere
898 2602 1057 2683 valerem,
1086 2601 1147 2670 ubi
1165 2600 1313 2671 sedendo
1327 2602 1432 2672 oculis

433 2699 531 2780 vagis
546 2707 657 2769 atram
683 2722 757 2770 rem
783 2702 818 2770 in
840 2702 993 2784 stragulo
1007 2708 1213 2786 prostratam
1228 2703 1431 2784 contempla·

433 2798 504 2867 bar.
521 2800 729 2870 Persuadere
744 2801 827 2871 mihi
842 2802 990 2871 conabar
1003 2823 1059 2871 me
1074 2801 1248 2871 victimam
1271 2823 1344 2872 esse
1368 2803 1431 2872 lar·

434 2919 488 2967 vae
503 2899 679 2970 cuiusdam
693 2909 729 2971 et
743 2902 786 2972 ab
801 2902 968 2972 incubone
982 2901 1145 2985 oppnmi3
1178 2901 1251 2971 haec
1277 2902 1391 2972 omnia
1411 2924 1431 2972 a

434 2999 577 3082 propriis
590 3002 707 3070 nervis
721 3001 814 3084 meis,
840 3001 1010 3072 laboribus
1035 3002 1222 3084 perstrictis
1243 3002 1367 3085 induci,
1392 3024 1431 3072 ac

434 3099 531 3168 brevi
544 3121 600 3169 me
615 3101 801 3171 allevatum
823 3101 873 3170 iri.
906 3102 1031 3172 Nullus
1054 3123 1176 3172 revera
1199 3101 1319 3172 dubito
1347 3102 1431 3184 quin

434 3199 577 3268 nimium
590 3199 714 3270 laboris
728 3201 946 3284 pertulerim;
979 3202 1048 3272 otio
1063 3224 1118 3271 me
1132 3223 1233 3284 egere
1249 3223 1289 3271 ac
1304 3223 1432 3272 recrea·

434 3299 544 3381 tione;
566 3307 649 3382 esto,
664 3301 732 3370 iam
746 3300 834 3370 dabo
848 3323 986 3385 operam
1002 3355 1010 3371 .
1027 3355 1035 3370 .
1052 3355 1060 3370 .

518 3401 563 3469 Et
578 3408 692 3471 tamen
707 3423 768 3484 per
782 3423 882 3472 omne
897 3402 931 3471 id
946 3408 1083 3485 tempus
1097 3403 1179 3471 satis
1192 3402 1341 3472 intellexi
1362 3424 1430 3471 non

435 3503 575 3584 larvam,
589 3524 658 3571 non
672 3502 876 3572 incubonem
902 3524 957 3571 me
982 3523 1145 3585 premere,
1172 3501 1231 3571 sed
1257 3509 1431 3584 patentem

435 3603 628 3684 claramque
644 3603 843 3683 veritatem;
866 3602 1059 3685 Philippum
1074 3601 1221 3671 Vantine
1236 3623 1309 3671 esse
1324 3603 1433 3671 extin-

435 3708 530 3771 ctum
555 3738 596 3746 —
622 3724 643 3772 a
669 3702 810 3772 muliere
834 3723 970 3771 caesum.
1008 3702 1170 3785 Quisnam
1183 3703 1216 3771 id
1233 3701 1315 3771 mihi
1330 3702 1433 3772 dixit?

434 3802 524 3871 Tum
540 3803 644 3872 etiarn
658 3803 795 3872 memini
810 3823 929 3872 vocem
945 3801 1188 3884 singultantem
1204 3855 1212 3870 .
1229 3855 1236 3870 .
1254 3855 1260 3870 .

520 3903 596 3972 Bini
619 3909 681 3972 aut
706 3901 794 3972 temi
820 3901 924 3984 aliqui
949 3902 984 3971 in
1008 3903 1166 3971 conclave
1196 3910 1367 3972 venenmt
1392 3937 1429 3948 -

436 4003 544 4072 Parks
558 4009 593 4072 et
608 4003 663 4072 alii
677 4002 809 4084 famuli,
824 4002 859 4070 ni
874 4002 991 4082 fallor;
1013 4002 1130 4071 audivi
1145 4023 1264 4071 vocem
1280 4000 1434 4084 Godirey

436 4103 598 4173 mandata
611 4103 707 4172 varia
721 4102 894 4183 edentem;
916 4101 1061 4184 denique
1086 4101 1207 4184 aliquis
1231 4100 1365 4171 sublato
1389 4100 1433 4170 ad

436 4203 525 4274 labia
546 4224 623 4273 mea
645 4203 766 4286 poculo
789 4224 844 4271 me
867 4202 981 4271 bibere
1006 4201 1114 4271 iussit.
1136 4202 1240 4271 Eram
1255 4207 1433 4284 tamquam
