3536 5156
570 908 687 979 nunus
707 925 863 978 nnnnnu
885 922 1080 978 conemur
1261 901 1323 975 177

414 1093 556 1174 Insuper
570 1099 605 1162 et
620 1114 711 1162 mors
726 1092 874 1164 Vantine
888 1091 1040 1162 animum
1055 1112 1172 1161 meum
1186 1111 1331 1160 moerore

228 1205 231 1210 '
330 1191 455 1261 affecit.
478 1193 595 1274 Usque
611 1215 651 1262 eo
667 1194 749 1262 dum
764 1193 807 1262 ad
821 1193 915 1261 hunc
929 1192 1063 1262 tristem
1088 1196 1252 1261 eventum
1273 1212 1330 1259 ex-

331 1291 524 1373 plicandum
540 1293 660 1362 modus
674 1293 796 1376 aliquis
810 1299 915 1375 atque
930 1312 1006 1374 spes
1021 1290 1224 1373 suppetebat
1234 1298 1270 1358 et
1280 1291 1331 1358 af-

329 1391 495 1474 fulgebat,
507 1414 609 1461 causa
619 1393 790 1474 declarari,
800 1393 1001 1474 factumque
1016 1390 1173 1472 explicari
1185 1397 1329 1472 poterat

331 1498 368 1560 at
389 1513 480 1560 nunc
504 1492 678 1561 theorema
701 1515 817 1561 meum
841 1491 977 1560 omnino
1000 1497 1075 1560 erat
1095 1511 1274 1570 eversum;
1296 1489 1331 1558 in

332 1591 480 1661 tenebris
494 1614 570 1661 sum
586 1593 733 1674 relictus
748 1592 838 1662 unde
853 1591 947 1661 nullo
964 1599 1063 1674 pacto
1083 1598 1237 1673 poteram
1258 1591 1329 1659 elu-

331 1692 424 1760 ctari.
450 1693 638 1776 Nunquam
661 1699 763 1762 antea
789 1693 857 1762 ullo
883 1691 1043 1774 mysterio
1058 1691 1147 1760 sensi
1168 1712 1223 1760 me
1244 1691 1329 1759 adeo

331 1791 552 1874 obcoecatum,
577 1793 712 1875 meique
736 1793 907 1874 impotem,
931 1813 1034 1874 quam
1060 1791 1132 1872 hoc,
1157 1797 1191 1860 et
1213 1812 1332 1860 sensus

333 1891 388 1960 hic
402 1892 451 1961 ita
465 1915 520 1962 me
536 1893 650 1962 obruit
666 1901 706 1962 ut
721 1900 901 1975 postquam
927 1891 1081 1960 cubitum
1104 1891 1250 1972 ivissem,
1272 1890 1330 1959 diu

331 2014 385 2060 me
401 1992 588 2062 insomnem
599 1999 634 2061 ct
643 1993 866 2076 irrequietum
877 1993 1027 2061 iactaret.
1038 1993 1171 2060 Arcano
1182 1989 1330 2074 quodam

334 2092 434 2161 modo
449 2093 539 2161 vires
553 2115 646 2162 meas
660 2115 737 2162 cum
761 2091 925 2174 superiori
940 2091 1054 2174 aliqua
1068 2098 1235 2173 potestate
1250 2091 1332 2158 mihi

333 2213 508 2261 conserere
522 2193 672 2275 videbar,
687 2192 809 2261 minaci
831 2201 866 2261 et
889 2191 1029 2261 terribili
1052 2198 1230 2274 potestate,
1253 2213 1331 2273 quae

333 2313 387 2362 me
403 2293 457 2361 vel
471 2292 625 2363 versione
640 2293 731 2376 carpi
741 2293 950 2362 contundere
966 2298 1001 2361 et
1016 2292 1243 2362 comminuere
1258 2313 1332 2374 pos

332 2415 368 2462 se
383 2392 534 2477 parebat.
798 2407 803 2418 ·

414 2544 673 2613 Testamentum
688 2545 836 2614 Vantine
852 2553 969 2615 secuto
995 2546 1048 2615 die
1075 2545 1184 2614 Lunae
1207 2544 1326 2627 proba-

332 2651 406 2712 tum
422 2652 484 2713 est.
507 2644 655 2726 Legibus
669 2645 743 2714 eius
757 2653 898 2715 cautum
919 2655 993 2715 erat
1008 2653 1049 2716 ut
1064 2652 1136 2714 tota
1159 2645 1333 2726 congeries

334 2744 576 2826 productorum
608 2744 692 2814 artis
717 2745 752 2814 in
775 2767 933 2832 museum
954 2745 1190 2826 deveheretur,
1212 2745 1333 2814 domus

331 2851 456 2924 autem,
473 2865 590 2925 eaeque
605 2844 639 2912 in
655 2867 695 2912 ea
711 2867 764 2914 res
779 2845 904 2927 quibus
928 2867 1085 2915 museum
1111 2866 1178 2913 non
1205 2853 1331 2926 egeret,

330 2942 491 3012 beneficio
504 2944 612 3013 musei
621 2944 787 3014 venirent.
800 2945 930 3014 Herum
941 2945 1067 3027 Caspar
1079 2945 1215 3014 Purdon
1229 2945 1330 3014 Clark

330 3043 371 3112 de
386 3043 518 3126 legibus
533 3045 727 3113 testamenti
743 3045 810 3114 iam
824 3045 1002 3115 certiorem
1016 3046 1092 3128 feci,
1108 3054 1212 3128 atque
1226 3045 1329 3115 advo-

331 3150 428 3212 catus
441 3143 550 3213 musei
565 3151 769 3213 testamento
791 3146 933 3227 legendo
958 3146 1126 3214 interfuit.
1156 3146 1189 3214 Is
1215 3144 1331 3214 retulit

332 3241 394 3311 sibi
409 3243 652 3312 demandatum
667 3265 740 3313 esse
754 3252 793 3314 ut
807 3266 862 3313 me
878 3245 921 3314 ad
938 3267 991 3314 res
1006 3249 1075 3314 una
1088 3245 1264 3314 duabusve
1279 3267 1329 3314 se-

331 3341 499 3424 ptimanis,
516 3341 621 3411 donec
637 3343 765 3412 eaedem
780 3344 879 3412 avehi
891 3353 1037 3427 possent,
1048 3343 1331 3414 administrandas

332 3442 481 3523 rogando
497 3441 679 3511 induceret.
703 3443 867 3525 Oportere
883 3445 985 3513 etiam
1007 3444 1152 3514 asseruit
1175 3445 1329 3514 inventa-

334 3541 421 3609 rium
437 3562 551 3610 rerum
567 3542 715 3611 Vantine
741 3551 980 3625 congestarum
994 3551 1034 3614 ut
1048 3544 1155 3626 fieret,
1170 3545 1213 3613 ad
1228 3566 1331 3626 quam

330 3640 402 3709 sine
416 3662 513 3709 mora
527 3641 774 3724 suscipiendam
789 3643 935 3712 vicarius
950 3644 1059 3713 musei
1074 3645 1220 3714 director
1241 3645 1329 3714 dele-

329 3747 433 3822 gatus
448 3747 508 3810 est.

416 3889 478 3958 His
492 3891 740 3960 conditionibus
764 3914 863 3975 aequo
884 3892 997 3962 animo
1023 3892 1194 3977 acquievi3
1217 3893 1275 3963 sed
1297 3895 1331 3962 in

333 3989 501 4059 officinam
509 3991 777 4060 reversusanimi
786 4000 877 4061 certe
886 3993 1089 4074 pendentem
1099 4016 1154 4062 me
1163 3995 1261 4063 sensi.
1269 3995 1331 4064 Ar-

331 4089 418 4157 tium
432 4091 606 4172 congeries
621 4091 768 4160 Vantine
783 4092 865 4160 mihi
879 4114 1056 4175 nunquam
1081 4114 1149 4162 non
1174 4116 1253 4176 pars
1278 4095 1331 4162 sui

332 4188 438 4273 ipsius
453 4189 652 4273 videbatur;
685 4191 767 4273 quin
782 4192 886 4262 etiam
900 4192 976 4276 plus
990 4193 1110 4263 domus
1125 4193 1230 4276 ipsius
1244 4215 1332 4277 pars,
