3502 5158
586 915 709 971 onnor
730 917 877 972 oesnnu
899 915 1063 972 courmr
1281 900 1322 971 51

408 1083 602 1155 “Arcanum
617 1085 666 1154 rei
681 1086 763 1168 est,’'
779 1085 892 1169 pergit
907 1085 1061 1169 Hughes,
1076 1085 1136 1168 qui
1149 1107 1230 1156 suos
1253 1083 1325 1154 ani·

325 1185 372 1256 mi
383 1186 527 1256 affectus
542 1186 698 1257 tentabat
712 1185 889 1270 explicare,
912 1183 1023 1269 “quod
1048 1185 1132 1255 mihi
1158 1193 1324 1257 terrorem

324 1287 446 1356 incutit
460 1323 502 1332 -
516 1285 642 1369 aliquid
665 1287 700 1356 in
725 1287 791 1357 ista
815 1308 853 1356 re
878 1292 1003 1369 praeter
1026 1292 1186 1356 naturam
1212 1292 1264 1356 est
1278 1321 1320 1330 -

324 1387 437 1470 aliquo
450 1387 551 1456 modo
566 1387 657 1470 quod
671 1408 791 1471 capere
806 1408 983 1470 nequeam.
1005 1386 1096 1456 Nam
1123 1388 1182 1470 qui
1206 1384 1323 1457 evenit

326 1494 366 1557 ut
380 1487 596 1557 victimarum
611 1495 757 1571 uterque
771 1488 806 1556 in
822 1509 927 1557 manu
942 1493 1035 1557 recta
1049 1487 1137 1557 ictus
1152 1486 1220 1556 sit?
1252 1485 1323 1556 Cur

324 1609 393 1658 non
407 1587 442 1656 in
457 1608 562 1657 manu
577 1586 689 1658 laeva?
710 1588 780 1659 Cur
793 1588 829 1657 in
844 1609 950 1657 manu
964 1588 1019 1658 vel
1033 1587 1181 1657 maxime
1192 1586 1229 1657 ?’'

408 1705 560 1789 Godrrey
573 1704 766 1788 desperans,
781 1706 884 1775 vulsu
898 1704 1119 1774 humerorum
1138 1702 1322 1788 respondit,

407 1803 467 1876 “ld
482 1805 694 1888 potissimum
710 1805 868 1889 estquod
882 1805 980 1876 nobis
1001 1805 1202 1876 solvendum
1225 1803 1321 1886 erit,''

326 1905 361 1974 in
385 1905 447 1976 uit.

363 1927 385 1989 q
408 2021 575 2093 “Necesse
605 2022 670 2093 erit
697 2023 795 2094 nobis
823 2023 957 2094 lictores
980 2023 1170 2106 invocare,”
1200 2021 1323 2093 suadet

325 2123 477 2206 Hughes
500 2121 677 2194 “Fortasse
692 2123 715 2193 ii
730 2125 860 2194 solvere
874 2123 1070 2196 valebunt.”

407 2241 558 2324 Godrrey
575 2242 643 2312 leni
661 2241 848 2312 dubitantis
863 2241 932 2312 risu
948 2263 1102 2325 represso
1117 2239 1305 2324 respondit:

406 2358 673 2443 “Opportunitas
686 2360 806 2430 saltem
819 2359 883 2428 illis
895 2358 1077 2429 tribuenda
1092 2367 1144 2428 est
1152 2379 1161 2440 ;
1175 2358 1271 2428 visne
1286 2357 1320 2428 id

323 2460 395 2530 fieri
410 2459 572 2530 curem?”

406 2577 542 2660 “Volo”
556 2577 669 2660 inquit
683 2577 836 2660 Hughes,
859 2575 915 2646 “et
930 2577 993 2648 hoc
1007 2576 1124 2648 statim
1139 2577 1212 2647 fieri
1226 2577 1321 2648 iuva·

324 2678 383 2749 bit.
405 2678 481 2762 Quo
495 2677 596 2748 citius
610 2678 677 2747 huc
690 2677 919 2761 pervenerint,
935 2699 976 2747 eo
990 2677 1056 2748 erit
1070 2677 1222 2748 melius.''

407 2778 563 2848 “Faciam
578 2777 651 2847 sine
665 2778 791 2860 mora‚”
802 2784 838 2847 et
851 2777 905 2848 his
918 2778 1032 2849 verbis
1046 2800 1067 2848 e
1080 2778 1232 2848 conclavi
1256 2800 1315 2848 ex·

324 2878 432 2950 cessit

406 2994 551 3078 Hughes
576 2994 611 3063 in
633 2994 788 3077 grabato,
813 3016 919 3078 prope
943 2994 987 3065 ad
1009 2995 1206 3079 fenestram
1222 2996 1321 3080 gravi

324 3095 472 3179 pondere
496 3095 657 3177 consedit,
682 3095 899 3177 frontemque
924 3095 1104 3165 sudantem
1128 3117 1233 3166 manu
1255 3103 1322 3167 tre-

323 3196 416 3266 mula
440 3196 565 3266 iterum
588 3195 740 3266 detersit.
776 3195 921 3265 Mortuis
945 3196 1131 3266 tractandis
1154 3196 1227 3280 ipse
1248 3203 1320 3268 tam

324 3303 398 3366 erat
411 3301 569 3366 assuetus
583 3331 624 3340 -
638 3295 697 3366 sed
711 3303 821 3365 morte
837 3296 959 3366 decora
979 3295 1129 3379 sublatis,
1154 3303 1263 3366 morte
1284 3298 1320 3367 in

323 3396 420 3478 lecto,
434 3401 497 3465 aut
524 3416 607 3466 vero
621 3417 640 3464 e
656 3417 861 3479 quacunque
883 3419 986 3466 causa
999 3396 1091 3466 iusta
1104 3403 1140 3467 et
1154 3396 1258 3479 probe
1273 3397 1322 3467 in-

323 3495 458 3566 tellecta
471 3494 693 3578 provenienti.
729 3496 859 3567 Verum
874 3519 975 3580 mors,
990 3497 1054 3567 hac
1067 3497 1103 3566 in
1118 3497 1264 3568 terrifica
1285 3508 1321 3569 et

322 3617 447 3665 arcana
473 3595 594 3678 specie,
624 3595 850 3677 trepidatione
880 3618 960 3666 eum
988 3596 1152 3680 perculit;
1182 3619 1320 3668 causam

323 3695 442 3765 mortis
456 3693 600 3778 idgenus
613 3716 734 3778 capere
749 3717 817 3764 non
839 3702 984 3779 poterat,
999 3702 1034 3766 et
1048 3696 1093 3766 ob
1106 3697 1141 3767 id
1153 3697 1322 3770 attonitus

323 3793 466 3877 stupuit.
481 3794 557 3877 Ipse
572 3794 724 3864 medicus
736 3801 820 3878 erat,
835 3816 1005 3879 suumque
1019 3796 1089 3867 fuit
1103 3818 1158 3867 res
1172 3799 1258 3868 tales
1271 3798 1321 3868 in-

322 3893 492 3978 telligere;
514 3902 549 3964 et
572 3901 687 3964 tamen
702 3915 779 3964 ecce
793 3916 910 3965 casum
927 3894 1056 3980 mortis,
1070 3897 1130 3979 qui
1144 3895 1250 3980 ipsius
1263 3920 1321 3982 pe-

323 3993 435 4065 ritiam
450 3994 580 4064 ratione
601 4015 713 4064 causae
725 3994 774 4065 ita
788 3995 899 4077 elusit,
921 4017 1025 4079 quam
1047 3995 1279 4081 cuiuscunque
1299 4020 1320 4068 e

322 4093 434 4164 trivio.
457 4094 631 4164 Eventum
646 4101 718 4164 tarn
734 4101 860 4178 praeter
874 4095 1026 4165 ordinem
1041 4117 1121 4166 eum
1135 4097 1179 4168 ad
1193 4098 1322 4182 propri·

324 4213 380 4264 am
395 4194 571 4264 scientiam
586 4194 863 4278 addubitandam,
878 4195 1092 4280 examinique
1107 4195 1323 4268 substernen-
