3536 5156
570 904 689 960 nesus
709 903 866 959 renem
887 903 1082 959 courenrr
1268 889 1331 962 175

416 1071 530 1144 Herus
544 1073 688 1156 Morgan
703 1079 776 1144 toto
790 1072 892 1143 vultu
907 1072 1007 1142 valde
1022 1071 1169 1142 erubuit

416 1171 564 1243 “Siccine
572 1173 610 1243 ?”
631 1174 764 1243 clamat.
786 1171 860 1244 “Va
880 1208 921 1219 -
943 1195 1079 1254 eccum;
1099 1173 1195 1244 fami
1215 1174 1332 1246 audivi

333 1294 413 1344 eum
427 1273 521 1344 houd
535 1294 658 1357 parum
672 1271 901 1344 nsanivissess’

416 1387 510 1460 “Irno
524 1411 607 1459 vero
622 1411 720 1472 aeque
735 1411 857 1461 sanum
871 1411 952 1459 eum
966 1390 1109 1472 cognovi
1125 1410 1228 1473 quam
1244 1412 1332 1460 mor-

332 1489 453 1560 talium
473 1489 614 1572 ullum,”
635 1488 765 1560 aridule
786 1489 951 1572 respondi.
988 1487 1100 1559 Huius
1124 1489 1230 1559 verba
1250 1491 1332 1560 mibi

331 1589 365 1658 in
390 1589 544 1658 animum
567 1595 773 1660 revocarunt
794 1589 899 1660 dubia
913 1610 992 1672 quae
1014 1588 1097 1658 mihi
1122 1611 1163 1659 eo
1187 1589 1240 1660 die
1262 1613 1332 1674 quo

333 1688 480 1760 Vantine
495 1711 609 1759 arcam
624 1689 730 1760 boun
746 1689 882 1773 palpare
893 1695 1052 1772 coeperat,
1061 1689 1333 1760 suboriebantur.

333 1788 445 1858 Dubia
459 1795 577 1858 tamen
591 1788 665 1858 haec
680 1787 851 1858 reticenda
864 1788 1020 1860 iudicavi.

415 1903 575 1976 ‘'Hem-
586 1905 759 1976 enimvero
773 1905 826 1975 his
841 1905 883 1975 de
898 1905 1001 1975 rebus
1015 1905 1097 1976 alias
1111 1905 1333 1977 videbimusl”

337 2005 433 2075 fatur
448 2005 613 2076 salutator
627 2027 726 2076 meus
739 2005 1005 2075 minitabundus,

417 2119 506 2192 “Fac
521 2143 659 2205 prorsus
673 2121 722 2191 ita
736 2121 906 2205 statueris,
932 2120 1023 2192 Here
1038 2123 1212 2206 Morganss’
1227 2146 1247 2194 e
1262 2145 1334 2194 cor·

336 2221 378 2292 de
393 2221 560 2306 respondi.
582 2219 637 2293 “si
653 2221 723 2292 ulla
737 2222 798 2292 tibi
814 2222 918 2292 dubia
932 2222 1098 2304 intersint,
1113 2223 1276 2308 indagare
1290 2247 1334 2295 ne

335 2321 562 2392 intermiseris.
584 2323 617 2392 N
619 2343 686 2392 unc
700 2328 828 2403 autem,
843 2322 1003 2404 quoniam
1015 2322 1184 2405 permulta
1198 2325 1336 2408 negotia

335 2441 390 2490 me
404 2429 541 2505 urgent,
556 2419 709 2505 ignosces
722 2421 815 2503 mihi,
830 2421 933 2491 etiam
947 2422 1117 2492 maturius
1140 2423 1239 2493 hodie
1262 2425 1334 2494 offi-

336 2521 427 2592 cium
441 2520 668 2592 claudemus.”

418 2638 573 2721 Denique
587 2638 622 2708 in
638 2639 741 2722 pedes
756 2637 914 2720 surrexit,
925 2638 1060 2708 tractim
1069 2639 1162 2710 foras
1175 2640 1257 2724 ivit;
1272 2664 1335 2712 nec

335 2758 489 2821 unquam
503 2737 649 2822 amplius
662 2738 745 2807 mihi
760 2739 825 2809 sub
839 2738 954 2808 oculos
968 2738 1072 2808 venit.
1097 2739 1145 2809 Ut
1160 2761 1225 2823 ego
1239 2749 1335 2824 puto,

335 2837 601 2921 legumperitum
616 2838 809 2921 quempiam
825 2838 917 2921 adiit,
933 2838 977 2908 ab
992 2859 1032 2908 eo
1048 2839 1187 2909 edoctus
1201 2840 1270 2910 fuit
1281 2863 1334 2910 ca-

336 2958 413 3007 sum
428 2957 530 3008 suum
544 2937 639 3008 nulla
653 2959 712 3022 spe
726 2937 799 3021 niti,
814 2944 851 3009 et
865 2937 922 3022 sic,
937 2938 1040 3008 rebus
1054 2938 1198 3022 infectis,
1209 2945 1335 3011 tractu¹

335 3171 487 3232 observare,
498 3171 596 3224 furtim
607 3171 708 3234 ridere,
721 3171 854 3238 speculari
877 3171 941 3238 quid
953 3171 1053 3238 aliquis
1065 3177 1139 3238 agat,
1152 3179 1201 3226 aut
1213 3189 1276 3226 vero
1290 3174 1337 3226 ali-

334 3269 416 3321 quem
428 3253 543 3308 subinde
555 3254 645 3307 visum
658 3255 734 3308 etad
754 3255 962 3322 colloquendum
981 3255 1064 3308 adire.
1081 3255 1154 3308 Satis
1171 3261 1265 3322 aptum
1279 3273 1337 3323 pro

336 3337 425 3404 posito
438 3343 532 3390 nostro
545 3338 716 3391 vocabulum.

436 3440 460 3490 1.
481 3436 615 3501 linctus,
631 3437 689 3502 -ds,
705 3439 777 3504 quod
798 3438 924 3500 trahitur,
945 3438 1016 3505 quod
1037 3455 1065 3492 ce
1083 3439 1177 3500 trabit,
1191 3440 1285 3493 eodem
1299 3443 1338 3494 te-

337 3536 367 3573 re
379 3535 461 3574 censu
472 3520 543 3587 apud
555 3522 692 3574 Romanos
703 3537 756 3588 quo
767 3522 840 3587 apud
850 3538 907 3574 nos.
923 3527 1025 3574 nostrae
1036 3522 1110 3574 enim
1121 3523 1257 3584 ferroviae,
1266 3541 1339 3578 com-

338 3603 480 3670 pluresque
492 3603 562 3657 carri
576 3603 694 3656 velutin
707 3610 834 3657 catenam
858 3605 977 3670 copulati
996 3604 1067 3656 nihil
1083 3605 1158 3658 aliud
1175 3611 1240 3659 sunt
1257 3623 1339 3674 quam

338 3703 427 3740 novus
439 3687 543 3748 modus,
556 3687 616 3740 loco
628 3687 743 3754 antiqui,
755 3703 839 3741 onera
855 3687 997 3750 vectandi3
1014 3693 1042 3741 et
1059 3688 1171 3754 perinde
1187 3695 1270 3756 atque
1286 3692 1340 3744 An-

338 3769 410 3837 glice
423 3786 508 3837 usque
521 3771 624 3824 utimur
635 3771 768 3824 vocabulo
781 3769 871 3824 cooclt
882 3771 916 3824 ad
930 3772 1099 3825 denotandos
1116 3787 1206 3825 carros
1227 3789 1339 3828 munere

338 3851 428 3906 cooclt
438 3853 597 3920 iungentes,
609 3853 650 3906 sic
661 3859 690 3906 et
701 3869 752 3920 ego
769 3854 882 3907 adhibui
899 3855 1014 3921 antiqua
1030 3855 1163 3908 vocabule
1184 3855 1283 3910 Latina
1305 3859 1339 3911 ed

338 3935 538 4002 designandum
550 3937 695 4004 antiquum
708 3953 784 4003 opus,
799 3937 864 3990 licet
877 3953 949 3990 novo
962 3938 1041 3991 modo
1055 3939 1194 3994 effectum.
1210 3940 1299 4006 Atque
1316 3942 1340 3994 si

339 4020 407 4072 mihi
420 4019 523 4086 sumpsi
536 4035 584 4086 pro
597 4017 763 4073 loconwtive
772 4037 874 4073 novum
886 4020 1032 4087 procudere
1040 4021 1202 4074 vocabulum
1211 4021 1340 4078 latinum

339 4101 474 4164 cietmm,
488 4103 593 4156 monito
604 4119 665 4156 sum
678 4109 788 4156 tanturn
806 4103 913 4157 Horatii
930 4103 1076 4157 obsecutus
1092 4105 1217 4167 dicentis,
1234 4105 1341 4162 “Licuit

340 4201 499 4254 semperque
511 4185 604 4240 licebit
617 4213 651 4224 —
663 4213 695 4226 -
706 4187 853 4255 procudere
864 4187 989 4242 nomeo.”
