3500 5158
782 1943 934 2016 CAPUT
963 1943 1110 2015 XXVIII

679 2129 860 2200 Groohard
874 2129 1064 2211 &pirorum
1079 2129 1220 2200 Scribit

532 2311 677 2383 SALTEM
692 2333 755 2395 pro
770 2319 942 2382 momento
957 2311 1063 2381 oculis
1083 2310 1281 2394 praestrictis
1301 2318 1450 2381 contem·

448 2411 628 2496 plabamur
641 2411 815 2495 fulgidum
826 2411 1014 2492 cumulum;
1025 2410 1142 2480 dein(
1131 2410 1231 2494 :rady
1245 2410 1360 2480 verbis
1373 2433 1450 2480 con·

447 2511 578 2582 fusisIn
587 2511 690 2595 pedes
703 2512 846 2582 consiliit
831 2518 1082 2595 tgemmarum
1097 2518 1266 2593 quantum
1274 2533 1380 2581 manu
1395 2532 1450 2582 ca-

448 2633 530 2781 gere
538 2619 679 2782 ιέοῒεῐειῐ
694 2611 883 2696 prehendit,
898 2612 996 2681 velut
1007 2632 1065 2694 qur
1056 2610 1181 2680 oculis
1194 2610 1296 2681 fidem
1310 2633 1379 2681 non
1392 2610 1451 2680 ha·

472 2733 547 2781 uen

533 2827 628 2912 “Ego
649 2850 732 2898 vero
752 2829 816 2898 hoc
836 2835 949 2898 totum
972 2849 1040 2898 non
1061 2826 1250 2910 intelligor*
1272 2829 1451 2898 exclamat.

449 2925 628 2998 “Habesne
643 2935 679 2998 et
692 2928 804 3011 ipsum
819 2927 1034 2998 Crochard?”

533 3043 633 3115 “Non
647 3066 725 3114 sum
739 3052 812 3115 tam
827 3044 1057 3126 fortunatus,”
1074 3044 1246 3127 respondit
1261 3043 1422 3128 Godfrey.

533 3143 649 3215 “Num
665 3152 706 3215 tu
721 3144 909 3229 significare
922 3145 975 3214 viS
989 3166 1070 3215 eum
1085 3144 1159 3214 haec
1173 3144 1245 3214 sine
1259 3143 1453 3236 luctamine,

450 3245 656 3316 dedidisse?”

535 3361 664 3431 Eadem
679 3362 754 3444 ipsa
767 3368 803 3432 et
817 3383 933 3431 meum
955 3362 1109 3431 animum
1132 3361 1345 3444 percucurrit
1365 3360 1456 3444 cogi-

450 3461 545 3531 tatio.
561 3461 595 3532 si
612 3461 764 3544 Godrrey
779 3460 960 3531 debellavit
974 3461 1154 3543 Crochard,
1165 3461 1281 3544 illique
1295 3461 1455 3531 adaman-

452 3569 505 3632 tes
519 3561 649 3633 ademit
663 3562 736 3632 sine
751 3561 794 3631 ad
809 3569 956 3631 mortem
979 3561 1172 3643 luctamIne,
1187 3561 1313 3631 nebulo
1328 3561 1383 3630 ille
1398 3582 1454 3630 ur·

453 3662 565 3733 banus
585 3661 700 3732 minus
721 3683 824 3744 quarn
855 3661 1039 3732 videbatur
1058 3659 1236 3731 habendus
1256 3668 1309 3731 est
1337 3661 1455 3730 formi-

453 3761 582 3832 dabilis.

525 3877 663 3948 “Amice
675 3879 821 3961 Grady,”
838 3878 1019 3962 respondet
1026 3879 1074 3949 illi
1089 3879 1252 3962 Godfrey,
1263 3875 1456 3948 “Crochard

454 3999 552 4049 exeo
567 3985 740 4049 momento
754 4001 823 4048 non
835 3979 905 4050 vidi
921 4000 989 4062 quo
1003 3985 1043 4048 tu
1058 4000 1137 4048 eum
1153 3999 1172 4047 e
1185 3977 1267 4048 navi
1282 3999 1456 4048 erexeras.

453 4078 544 4151 situ
558 4078 659 4148 modo
688 4079 824 4149 sivisses
848 4085 890 4148 ut
914 4079 1106 4149 Simmonds
1116 4101 1171 4148 me
1193 4085 1361 4162 evocaret,
1376 4099 1457 4148 eum

450 4178 551 4250 modo
562 4186 723 4251 tenerem.
733 4179 806 4250 Hoc
822 4179 905 4249 mihi
919 4178 988 4249 ruit
1001 4180 1037 4250 in
1053 4179 1153 4251 votis.
1169 4178 1245 4263 Ipse
1260 4184 1379 4250 tamen
1394 4199 1457 4250 nos
