3502 5158
663 891 800 947 nuumn
820 891 859 946 m
880 889 997 946 ceusu
1288 872 1330 943 61

335 1063 403 1134 bat.
425 1062 557 1133 Herum
571 1061 719 1132 Vantine
734 1060 850 1144 paucis
864 1059 1010 1131 volebat.
1046 1059 1154 1131 Docui
1176 1081 1253 1129 eam
1275 1057 1333 1128 he·

337 1186 414 1234 rum
438 1162 587 1234 Vantinc
610 1161 757 1245 negotiis
776 1160 930 1232 detineri.
966 1160 1057 1230 'lum
1080 1159 1207 1243 aliquid
1231 1157 1333 1230 celeri

336 1264 453 1347 lingua
466 1263 509 1333 de
523 1262 724 1332 necessitate
750 1261 928 1332 dictitabat
952 1260 1075 1330 herum
1095 1259 1242 1330 Vantine
1256 1278 1334 1329 con·

336 1363 503 1447 veniendi,
518 1363 649 1434 interea
662 1369 779 1432 tamen
801 1383 869 1431 non
893 1361 1039 1432 cessavit
1062 1382 1099 1431 se
1121 1381 1182 1444 per
1207 1359 1333 1429 ostium

336 1487 390 1535 me
405 1465 513 1535 invito
527 1463 709 1546 insinuare,
724 1462 830 1533 donec
845 1469 987 1544 stupens
1007 1460 1233 1531 animadverti
1258 1480 1334 1529 eam

336 1566 402 1636 iam
416 1564 507 1634 intra
516 1564 725 1634 vestibulum
739 1583 823 1645 esse,
843 1583 951 1645 quum
974 1562 1113 1633 demum
1138 1583 1208 1630 uno
1232 1562 1334 1645 pulsu
1430 1557 1434 1566 '

335 1667 483 1737 valvam¹
500 1664 584 1736 mihi
608 1664 743 1750 cripuit,
768 1685 913 1747 eamque
934 1662 1068 1734 clausit.
1103 1662 1208 1745 Num,
1232 1661 1334 1744 Here,

334 1767 427 1837 hunc
440 1764 565 1850 agendi
578 1765 719 1836 modum
733 1771 899 1835 matronae
914 1785 987 1834 esse
1000 1763 1215 1835 arbitraris?”

418 1864 578 1936 “Minime
589 1866 747 1950 equidem
761 1866 811 1935 ita
824 1865 997 1948 dixerim,’'
1012 1863 1198 1935 assentitur
1209 1862 1332 1946 Grady.

333 1965 493 2050 “Verum,
506 1987 621 2050 perge,
636 1965 787 2049 scitoque
800 1972 936 2048 tempus
949 1987 1012 2035 nos
1024 1986 1095 2034 non
1108 1963 1263 2048 urgere.'’

419 2067 548 2151 Rogers
563 2066 700 2137 interim
714 2065 749 2136 in
765 2087 828 2137 sua
848 2065 957 2149 rediit,
973 2071 1009 2136 et
1023 2065 1092 2136 iam
1105 2066 1180 2135 fere
1194 2063 1334 2134 volubili

336 2188 491 2238 sermone
505 2166 700 2238 disserebat.

407 2265 426 2296 “
443 2265 612 2350 ‘Attende
621 2288 713 2350 rogo,
724 2288 801 2336 mea
815 2266 991 2349 matrona,'
1001 2266 1152 2349 inquam,
1168 2263 1259 2336 ‘satis
1273 2286 1336 2335 nos

334 2367 388 2438 hic
416 2367 608 2437 discrimine
643 2366 742 2436 hodie
771 2366 923 2438 distracti
953 2388 1090 2437 eramus
1119 2364 1334 2449 Franciculis,

334 2469 432 2551 proin
447 2467 557 2537 sinon
572 2467 752 2539 confestim
767 2474 803 2537 te
817 2467 896 2537 hinc
911 2468 1049 2538 auteres
1064 2473 1194 2550 pacate,
1204 2466 1272 2536 iam
1283 2465 1335 2534 fa-

333 2589 377 2638 xo
392 2573 433 2638 ut
449 2565 604 2637 eiiciaress

417 2663 438 2695 “
454 2664 609 2750 ‘Oportet
622 2689 678 2738 me
692 2665 811 2736 herom
826 2666 998 2751 Vangtine
1012 2667 1213 2749 convenire,'
1229 2665 1336 2736 instat

334 2766 390 2836 illa
404 2767 505 2836 celeri
519 2765 647 2850 lingua.
673 2765 810 2836 ‘Herom
824 2767 997 2851 Vangtine
1012 2767 1199 2838 necessario
1214 2789 1335 2837 conve-

334 2864 407 2936 nire
423 2866 539 2937 debeo.
561 2866 708 2937 Omnino
723 2888 803 2936 eum
817 2867 1000 2937 convenire
1014 2866 1142 2937 debeo?

418 2963 438 2995 “
454 2965 538 3050 ‘Ego
553 2988 636 3037 vero
651 2973 686 3036 te
700 2966 779 3036 hinc
793 2966 982 3036 necessario
1007 2966 1162 3049 exigam:
1186 2965 1256 3036 dixi
1277 2967 1333 3050 illi,

335 3064 580 3149 brachiumque
595 3065 669 3136 eius
683 3067 857 3148 prehendi.
889 3065 945 3137 Ad
959 3066 1033 3136 haec
1046 3066 1121 3150 ipsa
1134 3065 1270 3150 ciularc,
1285 3087 1335 3137 se-

335 3187 403 3248 que
417 3165 499 3235 mihi
516 3187 535 3236 e
549 3166 707 3237 manibus
721 3167 850 3250 eripere
870 3167 992 3250 coepit;
1029 3165 1088 3236 sed
1103 3188 1168 3250 ego
1183 3187 1260 3236 eam
1274 3167 1334 3238 ite

334 3287 411 3334 rum
437 3265 610 3349 prehendi,
635 3267 693 3336 sed
718 3266 837 3337 eodem
861 3273 1035 3337 momento
1057 3267 1162 3338 herus
1185 3267 1333 3338 Vantine

336 3364 456 3447 pandit
470 3365 572 3448 fores,
587 3365 673 3436 etin
688 3366 855 3437 ambitum
868 3388 1027 3450 egressus
1040 3373 1102 3437 est

417 3462 436 3492 ‘⁴
452 3463 552 3548 ‘Quid
566 3464 640 3536 haec
655 3467 770 3536 omnia
784 3465 846 3536 sibi
860 3468 993 3551 volunt,
1016 3466 1179 3549 Rogersi'
1211 3467 1334 3552 quaerit

332 3562 444 3635 herus
467 3563 568 3648 ‘Quid
583 3565 735 3636 mulieris
748 3566 815 3636 ista
828 3567 912 3638 estt'

416 3662 642 3748 “Priusquam
656 3673 772 3735 tamen
788 3688 852 3750 ego
867 3666 1069 3750 respondere
1084 3673 1247 3751 poteram,
1258 3668 1334 3738 fera

333 3762 390 3832 illa
404 3764 483 3834 felis
495 3763 564 3834 iam
579 3764 623 3835 ad
638 3787 718 3836 eum
731 3765 935 3850 convolavit,
961 3767 1166 3849 longamque
1191 3767 1333 3850 loquelae

332 3862 503 3934 Francicae
518 3864 707 3935 scatebram
722 3865 930 3950 profundere
941 3866 1054 3950 coepit,
1065 3873 1106 3936 ut
1120 3867 1263 3937 mirarer
1273 3869 1332 3950 qui

433 4097 458 4150 1.
475 4095 553 4150 Ostia
566 4096 674 4164 (porte,
693 4097 797 4164 ianuae)
821 4115 1020 4168 nonnunquam
1044 4119 1060 4156 e
1083 4101 1189 4157 duobus
1212 4102 1333 4157 dimidiis

332 4183 462 4232 coustant
469 4195 477 4243 ;
494 4185 640 4248 utrumque
652 4181 796 4236 dimidium
807 4189 920 4238 vocatur
933 4183 1029 4240 volvo.
