3536 5156
413 881 476 948 224
680 895 884 949 nrsrnnruu
901 893 1005 949 ancre
1029 888 1146 950 roura

498 1060 662 1132 “Nullum
677 1062 836 1143 dubium;
860 1084 899 1132 ac
915 1064 1069 1145 profecto
1093 1063 1148 1132 illa
1172 1062 1237 1132 alia
1261 1084 1340 1132 arca
1361 1069 1413 1132 est

413 1184 516 1245 quam
533 1163 681 1232 Vantine
695 1172 834 1232 emerat.
857 1164 917 1233 Illa
941 1163 1060 1245 utique
1083 1163 1126 1232 ad
1150 1162 1291 1232 titulum
1315 1162 1414 1232 istius

413 1262 591 1332 nebulonis
616 1270 689 1332 erat
715 1263 935 1345 consignata,¹
957 1264 1032 1333 Neo
1053 1262 1205 1332 Eboraci.
1228 1261 1412 1333 Consilium

413 1363 486 1432 eius
502 1364 655 1445 profecto
670 1363 751 1432 satis
766 1365 896 1432 clarum
911 1371 963 1432 est
981 1399 1014 1407 -
1033 1362 1126 1432 adire
1151 1362 1299 1432 Vantine
1328 1369 1412 1432 tam-

414 1484 516 1546 quam
531 1465 688 1533 consortii
706 1464 859 1533 Armand
875 1463 966 1533 vices
981 1485 1097 1545 agens,
1112 1469 1174 1533 aut
1187 1484 1270 1532 vero
1291 1469 1332 1532 ut
1354 1462 1413 1532 do·

412 1562 526 1632 minus
546 1585 634 1632 arcae
651 1563 862 1646 Montespan,
880 1585 1005 1646 easque
1020 1570 1183 1632 emutare.
1217 1561 1309 1632 Mors
1323 1561 1413 1632 Van·

413 1663 483 1732 tine
498 1663 633 1733 consilia
649 1663 721 1732 eius
734 1663 925 1744 frustravit,
941 1663 1080 1746 proinde
1095 1661 1127 1731 id
1145 1669 1259 1732 tecum
1283 1661 1413 1744 perfici·

412 1762 539 1832 endum
554 1768 638 1831 erat.
652 1763 740 1846 Quin
757 1763 949 1831 etiamtum
964 1763 1064 1830 facilo
1079 1763 1113 1831 id
1129 1762 1317 1831 effecturus
1327 1769 1410 1844 erat,

412 1863 475 1931 nisi
499 1883 590 1931 mors
615 1862 763 1931 Vantine
788 1870 891 1944 atque
921 1862 1052 1930 Drouet
1081 1861 1232 1930 incidens
1256 1869 1411 1931 nostrum

412 1963 564 2031 animum
578 1961 621 2030 ad
637 1983 750 2032 arcam
766 1963 940 2043 vertisset;
963 1984 1025 2032 nos
1050 1961 1157 2031 secuti
1181 1981 1300 2031 sumus
1321 1983 1410 2044 eum,

411 2071 515 2145 atque
530 2070 654 2131 eventa
669 2062 931 2144 postmeridiana
944 2062 1165 2131 inciderunt?

495 2161 560 2230 “Et
575 2162 648 2231 haec
664 2162 777 2231 omnia
794 2185 854 2245 per
868 2163 1048 2232 satellitem
1074 2183 1186 2244 suum,
1212 2163 1411 2232 conductiti-

411 2283 470 2331 um
496 2263 678 2344 quemdam
704 2263 862 2331 consortii
889 2261 1040 2330 Armand
1063 2269 1103 2331 tu
1129 2261 1301 2331 existimas
1329 2283 1409 2332 eum

411 2363 591 2444 perfecisse
601 2361 637 2431 ?''

495 2460 598 2546 “Quis
613 2462 675 2531 hoc
692 2463 841 2531 dubitet?
864 2461 1035 2542 Diribitor,
1051 2461 1109 2544 qui
1135 2463 1330 2544 putativum
1353 2485 1410 2531 ve-

409 2567 506 2630 num²
522 2563 604 2631 hero
619 2563 767 2632 Vantine
784 2563 955 2644 effecerat,
971 2561 1236 2631 mercedonium³
1252 2562 1295 2632 ob
1309 2562 1342 2630 id
1359 2584 1412 2632 ac-

510 2765 532 2815 1.
552 2761 719 2827 Οόηείρηο,1
736 2761 785 2823 -vi,
804 2765 888 2821 -tum,
905 2762 992 2827 signo,
1010 2762 1109 2827 sigillo,
1130 2763 1231 2814 litteris
1242 2761 1352 2828 aliquid,
1365 2779 1409 2814 cu·

409 2846 451 2897 lus
464 2846 490 2897 id
504 2847 547 2904 sit,
562 2846 712 2906 declarare;
730 2847 831 2896 litteris
845 2845 981 2906 mandare,
995 2845 1166 2910 perscribere.
1196 2845 1284 2906 Quum
1302 2845 1408 2906 titulus,

409 2930 467 2980 sive
482 2929 691 2992 insignaculum,
706 2930 789 2986 cistae,
804 2929 951 2993 manipulo,
970 2929 1134 2988 inscribitur,
1160 2929 1237 2980 cuius
1257 2928 1285 2979 id
1298 2929 1342 2988 sit,
1354 2945 1407 2994 quo

408 3012 472 3077 quid
486 3013 657 3072 mittendum,
672 3012 840 3072 tradendum,
866 3012 1053 3063 devehendum
1079 3012 1122 3072 sit,
1149 3010 1322 3076 consipnure
1345 3012 1409 3064 dici-

409 3111 476 3147 mus.

508 3181 531 3229 2.
550 3177 708 3229 Putativus
722 3192 822 3238 venua,
841 3177 898 3238 -ais,
916 3185 958 3229 est
970 3177 1092 3230 venditio
1100 3177 1139 3228 rei
1149 3177 1221 3236 ficta,
1231 3177 1302 3230 falsa
1312 3193 1407 3243 expar-

407 3265 434 3312 te
444 3261 602 3320 venditoris,
611 3267 658 3313 aut
668 3261 810 3318 institoris,
823 3277 905 3326 quum
918 3261 1020 3326 aliquid
1028 3261 1092 3312 falsi
1105 3260 1232 3312 inlocum
1246 3262 1303 3312 veri
1317 3261 1407 3313 subor-

407 3351 455 3395 nat
468 3360 499 3395 ac
514 3346 615 3404 vendit,
629 3345 695 3410 quin
722 3345 779 3396 sive
803 3350 944 3404 mercator,
969 3345 995 3394 h.
1014 3359 1045 3404 a,
1067 3343 1193 3396 dominus
1206 3345 1334 3403 tabernae,
1347 3345 1405 3396 sive

405 3427 562 3486 fabricator,
586 3428 644 3479 sive
668 3443 733 3479 vero
758 3433 863 3491 emptor
889 3428 1014 3478 conscius
1035 3427 1075 3479 rei
1101 3428 1152 3478 sit:
1169 3430 1278 3492 putant
1291 3426 1364 3478 enim
1378 3434 1405 3479 et

405 3526 521 3562 mercem
537 3527 628 3562 veram
640 3526 705 3570 esse,
721 3516 748 3562 et
762 3524 860 3561 venum
874 3511 932 3562 sive
949 3510 1136 3562 venditionem
1153 3525 1310 3574 germanam
1322 3515 1350 3561 et
1363 3527 1407 3576 ge·

405 3593 518 3645 uuinam
532 3593 634 3646 factam
649 3610 715 3645 esse.

504 3679 528 3728 3.
546 3675 776 3738 Mercadr'mium,
792 3676 834 3738 -a'i,
850 3677 1013 3729 vocabulum
1027 3677 1206 3742 compositum
1227 3693 1259 3728 ex
1280 3691 1405 3728 mercem

404 3767 431 3812 et
445 3759 526 3822 dare,
544 3762 602 3812 sive
613 3759 735 3820 dmtore;
754 3759 892 3825 significat
904 3766 995 3812 autem
1010 3760 1172 3812 solutionem
1187 3760 1325 3819 mercedis,
1338 3761 1403 3812 item

403 3844 474 3896 diem
488 3844 632 3896 solutionis
645 3843 782 3902 mercedis,
797 3845 920 3908 denique,
935 3845 1018 3895 etiam
1031 3844 1180 3895 mercedem
1205 3858 1286 3908 quam
1312 3842 1404 3894 inter-

402 3925 518 3978 nuntiis
533 3927 635 3978 domus.
653 3926 861 3978 Internuntius
875 3935 974 3986 autem,
996 3927 1068 3978 inter
1081 3927 1143 3986 alia,
1162 3925 1301 3978 hominem
1322 3927 1404 3988 signi-

403 4011 467 4062 ficat
491 4011 538 4075 qui
564 4011 635 4062 inter
661 4010 831 4061 venditorem
846 4017 927 4074 atque
939 4016 1088 4074 emptorem
1114 4009 1274 4069 intercedit;
1292 4010 1315 4061 is
1329 4011 1403 4062 enim

402 4110 457 4145 non
472 4109 576 4157 semper
588 4094 709 4144 mercede
722 4094 889 4152 conducitur,
914 4094 959 4144 scd
983 4093 1088 4157 proprio
1108 4092 1219 4144 nomine
1241 4093 1337 4158 quaerit
1350 4109 1398 4145 em·

401 4183 493 4244 ptores
508 4184 534 4229 et
548 4179 717 4236 adventores,
731 4183 758 4229 et
772 4177 822 4228 hoc
837 4183 942 4243 quaestu
955 4173 1172 4228 anercedmzium
1187 4183 1279 4228 meret.
