3502 5158
428 831 470 899 32
688 845 897 899 nussumuu
918 846 1025 898 uncis
1046 839 1167 899 nouus

513 1012 745 1083 “Sententiam
767 1013 977 1096 Goldberger
999 1013 1097 1082 enixe
1127 1013 1233 1095 probo
1263 1049 1304 1059 —
1334 1015 1427 1084 fama

427 1121 499 1184 tuae
513 1113 725 1183 liberalitatis
740 1136 820 1182 eum
835 1115 1004 1196 allectum,
1013 1121 1110 1183 tuam
1119 1136 1219 1198 opem
1233 1113 1426 1197 flagitatum

427 1215 470 1283 ad
486 1221 520 1328 te
536 1214 678 1342 venisse,
694 1221 730 1282 ct
745 1214 829 1283 dum
842 1222 878 1283 tc
893 1213 1154 1297 praestolabatur
1168 1237 1263 1298 spem
1278 1236 1358 1283 eum
1372 1215 1427 1284 de·

427 1335 671 1496 serm{ibique
686 1421 832 1483 mortem
846 1414 1070 1484 adscivissei’'
1086 1415 1199 1498 explet
1212 1415 1370 1484 Vantine.

514 1513 609 1597 Coepi
624 1513 790 1583 dubitare.
814 1513 949 1583 Interea
973 1514 1119 1584 miratus
1142 1514 1251 1598 reperi
1274 1516 1428 1584 animum

427 1613 509 1684 mihi
525 1614 649 1683 sensim
664 1614 807 1684 dubium
822 1614 980 1698 irrepere.

512 1730 698 1800 “Ausculta
712 1731 822 1814 modo,
831 1730 877 1800 mi
890 1731 1039 1814 Lester,”
1055 1733 1152 1801 fatur
1169 1730 1318 1801 Vantine
1332 1733 1428 1814 serio,

428 1830 503 1902 “fac
519 1853 598 1902 eum
613 1853 682 1902 non
697 1853 770 1902 sese
785 1832 952 1914 occidisse,
969 1832 1051 1914 quid
1065 1839 1142 1901 tum
1157 1831 1188 1901 ei
1203 1832 1324 1901 accidit
1330 1833 1366 1902 ‘l”

511 1947 586 2017 “Dii
602 1949 662 2022 soli
676 1947 835 2030 nomnt,”
851 1969 911 2031 spe
926 1949 1064 2018 relictus
1079 1948 1248 2031 respondi.
1264 1947 1324 2018 “Id
1338 1971 1359 2018 a
1373 1971 1428 2018 me

428 2049 500 2132 ipso
516 2049 641 2118 iterum
656 2049 850 2131 iterumque
867 2048 1019 2131 quaesivi,
1036 2049 1118 2131 quin
1139 2069 1339 2131 responsum
1355 2070 1430 2131 pro

428 2149 540 2232 prium
556 2148 698 2218 reddere
714 2149 910 2231 potuissem.
946 2148 1019 2217 Hoc
1042 2148 1133 2218 idem
1158 2148 1315 2230 respondi
1330 2148 1429 2218 Gold-

427 2248 560 2332 berger,
577 2269 649 2318 esse
664 2269 727 2317 nos
755 2248 846 2318 inter
871 2269 990 2318 saxum
1020 2253 1056 2316 et
1079 2269 1183 2317 mare.
1216 2247 1282 2318 Sed
1297 2248 1325 2318 si
1340 2248 1430 2331 quis·

428 2370 532 2431 quam
546 2371 608 2432 par
622 2349 666 2418 sit
680 2348 714 2417 id
731 2349 972 2432 perspiciendo,
989 2355 1081 2417 certe
1094 2347 1124 2417 is
1138 2347 1289 2430 Godfrey
1303 2348 1387 2418 est.'’

511 2465 658 2534 Vantine
674 2487 716 2534 ex
732 2465 799 2534 imo
815 2465 997 2535 videbatur
1019 2473 1135 2535 motus
1157 2465 1281 2534 animo.
1318 2465 1428 2536 Semel

427 2565 621 2647 iterumque
650 2564 899 2648 perambulavit
928 2564 1133 2647 cubiculum,
1160 2572 1236 2634 tum
1265 2573 1346 2635 ante
1374 2587 1428 2635 me

427 2665 578 2734 constitit
591 2666 697 2734 oculis
711 2665 746 2734 in
761 2686 817 2734 me
833 2664 960 2734 defixis.

510 2780 603 2862 “Dic,
620 2781 726 2863 sodes,
741 2781 788 2849 mi
803 2781 952 2862 Lester,”
977 2780 1097 2863 inquit,
1122 2778 1226 2849 “num
1252 2781 1430 2851 sententiae

428 2881 579 2964 Godfrey
593 2881 774 2963 assentiris
790 2881 863 2949 fieri
885 2903 982 2963 posse
1011 2887 1050 2949 ut
1079 2881 1251 2949 minutum
1282 2881 1364 2950 illud
1394 2881 1429 2950 in

426 3003 530 3050 manu
546 2981 674 3050 vulnus
688 3001 792 3050 crusa
806 2980 926 3049 mortis
939 3002 1012 3049 esse
1034 2980 1177 3063 possit?”

511 3095 653 3165 “Nonne
669 3096 857 3166 absurdum
873 3118 945 3165 esse
960 3096 1119 3166 videtur?
1150 3097 1197 3165 At
1213 3096 1365 3179 Godfrey
1386 3096 1430 3166 ad
1564 3124 1565 3132 ¹

427 3196 628 3266 divinandas
641 3196 831 3266 istiusmodi
848 3218 902 3265 res
916 3196 1052 3278 ingenio
1066 3197 1200 3279 pollet.”

511 3295 623 3378 “Ergo
638 3303 678 3364 tu
694 3297 850 3364 credis?”

510 3396 606 3465 Idem
620 3418 641 3466 a
655 3417 710 3465 me
725 3396 795 3477 ipse
810 3395 952 3477 quaesivi
963 3395 1162 3479 priusquam
1173 3396 1429 3479 respondissem.

511 3494 595 3578 “Ita,
612 3517 702 3576 sane,
718 3502 754 3565 et
768 3517 833 3577 ego
848 3495 978 3577 credo‚”
995 3496 1136 3565 tandem
1150 3496 1267 3566 fassus
1281 3518 1368 3566 sum.

511 3596 597 3665 Dein
613 3595 760 3664 Vantine
775 3596 890 3664 fronte
906 3602 1040 3678 rugata,
1063 3596 1168 3665 oculis
1194 3597 1358 3678 demissis,
1373 3597 1433 3666 ite

428 3717 505 3765 rum
523 3695 742 3764 obambulare
757 3694 869 3778 coepit.

408 3845 411 3852 .
511 3811 651 3880 “Lester
666 3813 743 3894 mi,’'
759 3812 897 3881 tandem
911 3813 1016 3894 fatur,
1033 3811 1212 3895 “quaedam
1223 3834 1279 3882 me
1290 3813 1431 3897 suspitio

427 3919 523 3982 tenet
537 3912 632 3981 illum
646 3912 759 3995 aliquo
774 3912 922 3995 negotio,
946 3913 1037 3994 quod
1061 3933 1174 3982 arcam
1200 3913 1307 3982 Boule
1330 3913 1432 3996 respi-

427 4034 502 4082 cere
518 4019 662 4095 poterat,
677 4012 721 4082 ad
736 4034 792 4081 me
807 4013 920 4081 visum
938 4013 1079 4094 venisse,
1095 4033 1217 4095 nempe
1244 4033 1349 4094 quam
1370 4013 1432 4084 tibi

433 4133 488 4182 am
504 4111 699 4182 memoravi.
725 4111 808 4180 Haec
824 4112 969 4180 tortasse
984 4112 1058 4180 eius
1071 4112 1177 4181 erat.’'
