3502 5158
640 901 765 953 nrnnus
788 899 1005 952 vurnnnnrn
1278 885 1318 952 31

403 1069 493 1140 “Vos
507 1069 655 1150 autem,”
671 1068 782 1151 inquit
798 1067 841 1136 ad
856 1089 918 1136 nos
932 1088 1126 1149 conversus,
1143 1066 1197 1136 “in
1213 1068 1321 1150 inqui·

322 1170 442 1240 sitione
457 1170 650 1238 testimonia
662 1167 897 1250 perhibebitis:
908 1166 957 1235 ita
970 1173 1006 1236 et
1021 1167 1129 1236 Parks
1138 1173 1244 1251 atque
1258 1167 1322 1237 Ro

321 1291 407 1353 gers.
424 1268 624 1339 Servabitur
639 1276 754 1338 autem
771 1289 811 1336 ea
827 1267 996 1349 perendie,
1011 1267 1248 1337 verosimiliter
1262 1269 1321 1338 ho

320 1392 358 1439 ra
373 1369 519 1449 decima;
542 1368 601 1437 sed
617 1367 659 1436 de
673 1368 757 1437 hora
773 1369 841 1436 iam
856 1367 1017 1463 certiores
1032 1389 1094 1437 vos
1108 1367 1263 1437 faciam.”

404 1467 562 1538 “Statues
575 1468 693 1550 bene,”
709 1466 876 1550 respondi,
891 1465 1082 1536 “aderimus
1091 1468 1120 1548 ;”
1136 1468 1260 1550 quibus
1275 1468 1322 1537 di-

321 1569 383 1638 ctis
409 1567 617 1650 Goldberger
642 1567 739 1636 nobis
764 1566 935 1649 valedixit,
962 1566 1130 1649 domoque
1160 1568 1321 1638 discessit.

322 1669 415 1752 “Ego
431 1668 580 1750 autem,'’
595 1667 678 1736 hero
693 1666 840 1736 Vantine
856 1667 934 1749 dixi,
958 1665 1116 1749 “aequum
1141 1689 1261 1736 censeo
1283 1677 1322 1738 ut

321 1769 364 1838 ad
394 1767 561 1838 officinam
595 1767 786 1850 regredia13
823 1767 970 1848 alioquin
997 1766 1143 1836 vicissim
1158 1770 1264 1836 nostri
1278 1768 1321 1837 ad

322 1869 493 1938 decuriam
509 1874 686 1937 recurrent
701 1873 742 1936 ut
756 1889 810 1934 me
826 1873 957 1935 eruant.
975 1866 1043 1934 Hui
1056 1866 1084 1934 l’'
1100 1867 1250 1936 exclamo
1264 1869 1322 1938 ho

322 1969 483 2051 rologiolo
499 1970 661 2050 inspecto,
678 1965 764 2036 “iam
783 1976 835 2034 est
851 1974 926 2048 post
942 1967 1060 2035 horam
1076 1975 1234 2049 quartam
1251 1970 1269 1996 ''

405 2067 517 2150 “Ergo
531 2089 592 2150 pro
607 2067 739 2136 officina
754 2067 822 2135 iam
838 2088 912 2135 sero
934 2067 1001 2147 es,'’
1025 2073 1141 2136 monet
1165 2067 1321 2138 Vantine.

326 2168 486 2238 “Rectius
499 2168 606 2251 igitur
620 2166 742 2236 feceris
757 2165 784 2235 si
799 2187 932 2236 mecum
954 2165 989 2235 in
1012 2165 1148 2236 diaetam
1163 2167 1206 2236 ad
1222 2168 1326 2237 liban-

321 2268 404 2338 dum
430 2267 587 2350 pocillum
611 2266 781 2336 ascendes.
813 2266 984 2335 Praeterea
1010 2274 1062 2335 est
1077 2267 1180 2335 etiam
1196 2267 1238 2336 de
1254 2289 1322 2350 quo

322 2375 436 2437 tecum
451 2388 553 2450 agere
568 2367 700 2435 velim.”

406 2467 557 2536 “Tamen
581 2473 714 2536 nostros
737 2467 771 2534 in
795 2466 928 2535 officina
951 2466 1113 2535 certiores
1136 2467 1208 2535 lieri
1224 2467 1323 2549 cupio

323 2589 377 2636 me
393 2587 502 2650 usque
518 2567 552 2634 in
569 2565 658 2634 vivis
673 2567 776 2646 esse,''
793 2565 950 2648 respondi
965 2565 1021 2647 illi,
1036 2565 1124 2648 dein,
1148 2567 1324 2649 appellatis

322 2667 406 2735 meis
421 2667 520 2736 officii
535 2665 641 2747 sociis,
656 2665 785 2748 nequid
802 2664 936 2734 adversi
957 2665 1040 2733 mihi
1056 2665 1213 2735 accidisse
1228 2666 1324 2736 time·

322 2774 410 2848 rent,
436 2787 493 2836 eos
516 2765 624 2836 docui,
655 2765 778 2834 Fateor
793 2773 907 2834 tamen
932 2786 1050 2834 eorum
1066 2766 1323 2837 sollicitudinem

323 2865 414 2935 haud
430 2865 537 2935 fuisse
553 2865 735 2934 admodum
750 2886 903 2948 gravem.

406 2964 509 3034 “Post
525 2971 638 3034 tantas
656 2964 722 3033 diei
736 2963 985 3034 vicissitudines
1008 2986 1062 3034 me
1087 2966 1234 3047 quodam
1258 2966 1326 3035 ful·

322 3065 469 3134 cimento
493 3087 594 3147 egere
617 3064 756 3145 sentio‚”
788 3065 885 3133 fatur
907 3063 1065 3147 Vantine,
1090 3065 1172 3134 dum
1194 3066 1325 3136 interea

322 3187 491 3234 cameram
508 3165 706 3248 penuariam
723 3164 840 3247 aperit.
863 3161 952 3233 “Fac
967 3164 1029 3232 tibi
1044 3165 1206 3247 prospice,
1228 3187 1324 3234 sume

324 3263 488 3349 quidquid
505 3264 598 3345 velis,
614 3286 683 3334 non
699 3264 789 3334 enim
804 3285 924 3333 vereor
945 3264 1090 3347 idgenus
1105 3286 1160 3333 res
1175 3265 1237 3333 tibi
1252 3287 1324 3334 esse

324 3385 463 3446 prorsus
478 3364 629 3433 insuetas
648 3365 706 3408 -”

407 3462 561 3546 “Nempe
585 3463 738 3533 homines
762 3471 915 3532 mortuos
939 3463 1066 3533 circum
1089 3486 1151 3533 nos
1175 3465 1324 3534 iacerel’'

323 3563 389 3632 leni
405 3584 522 3646 quaero
538 3563 617 3632 risu.
641 3561 741 3631 “Non
764 3562 828 3632 hoc
851 3599 889 3607 -
917 3573 1032 3632 tamen
1060 3584 1100 3632 ea
1114 3585 1170 3633 res
1183 3586 1251 3632 non
1273 3572 1325 3634 est

324 3671 394 3732 tam
409 3669 573 3732 consueta
593 3670 633 3730 ut
648 3662 778 3745 opinari
793 3661 948 3732 videris.’'

405 3759 488 3830 “Dic
504 3761 596 3844 mihi,
612 3761 762 3843 Lester,'’
778 3763 875 3831 fatur
891 3762 977 3832 serio
992 3784 1047 3831 me
1071 3763 1172 3832 vultu
1196 3763 1326 3832 contui-

323 3867 390 3942 tus,
402 3859 506 3930 “tune
516 3882 637 3930 revera
646 3869 749 3944 putas
764 3861 931 3931 misellum
945 3861 1040 3932 illum
1054 3862 1122 3932 huc
1131 3861 1274 3932 intrasse
1285 3884 1326 3932 eo

324 3961 393 4030 solo
408 3961 544 4030 consilio
560 3967 601 4030 ut
615 3982 651 4030 se
662 3960 716 4031 hic
732 3961 925 4031 clanculum
939 3961 1148 4032 occideret?”

408 4059 594 4144 “Equidem
609 4059 644 4130 id
659 4060 797 4131 minime
812 4060 944 4143 credo,”
959 4061 1126 4144 respondi.

407 4158 517 4244 “Quid
533 4181 615 4244 ergo
628 4160 697 4231 huc
712 4161 848 4231 venit?'’
