3500 5158
424 915 488 986 254
684 932 892 986 ursmnruu
914 931 1021 985 Aren
1043 924 1161 986 nourr

424 1106 476 1169 est
503 1099 537 1168 in
563 1121 694 1182 egeam.
721 1100 894 1170 Momento
915 1099 1078 1184 temporis
1093 1101 1254 1170 relatores
1268 1119 1348 1168 eum
1363 1096 1424 1166 cir·

423 1199 686 1269 cumfluxerunt.

508 1299 794 1370 “AEstimatissimi
810 1301 908 1370 amici
923 1322 944 1370 a
958 1301 1082 1383 prelo‚”
1098 1300 1243 1381 tractim,
1259 1306 1295 1369 et
1305 1299 1425 1368 vixul·

424 1401 456 1469 lo
471 1401 616 1483 vestigio
631 1401 820 1484 peregrinae
835 1400 1100 1470 enuntioationis
1114 1400 1181 1470 ian'
1196 1399 1308 1482 coepit,
1323 1398 1423 1468 simul

425 1500 459 1568 in
475 1501 594 1569 vultus
618 1522 653 1569 se
676 1499 985 1570 circumfluentium
1009 1499 1195 1583 dispiciens.
1219 1498 1424 1582 “Ignoscetis

425 1599 506 1668 mihi
523 1599 550 1668 si
565 1601 632 1669 mei
648 1623 750 1670 causa
765 1607 836 1670 tam
851 1600 910 1670 diu
934 1600 1031 1669 vobis
1053 1599 1317 1683 exspectandum
1339 1603 1423 1678 erat,

425 1700 483 1768 sed
500 1699 602 1769 rebus
616 1700 793 1770 detinebar
815 1701 974 1769 maximae
997 1699 1194 1782 gravitatis;
1217 1700 1299 1782 quin
1321 1698 1423 1767 etiam

424 1800 551 1868 vidulo¹
567 1821 644 1868 meo
659 1800 883 1869 convasando.
907 1799 1139 1881 Mediastine‚”
1154 1799 1340 1881 subiungit,
1355 1796 1425 1866 “vi-

425 1899 544 1968 dulum
570 1921 685 1969 meum
711 1907 791 1969 ante
816 1901 954 1970 ianuam
980 1899 1135 1983 reperies.
1158 1901 1249 1970 Velis
1262 1900 1329 1969 huc
1344 1920 1422 1968 eum

424 2000 558 2080 afferre,
585 2006 625 2068 ut
649 1998 692 2068 ad
708 1999 939 2068 excedendum
954 1999 1070 2068 statim
1094 2007 1235 2083 paratus
1255 2021 1328 2069 esse
1350 2020 1423 2081 pos·

425 2100 518 2169 sim.’'
531 2099 753 2169 Mediastinus
767 2122 909 2183 propere
924 2100 1098 2182 digressus
1112 2106 1174 2183 est,
1188 2100 1293 2169 herus
1306 2106 1423 2168 autem

425 2199 525 2281 Pigot
539 2221 575 2268 se
589 2199 632 2268 ad
648 2221 710 2268 nos
726 2200 846 2268 vertit:
870 2199 1012 2282 “ltaque
1027 2200 1095 2268 mei
1109 2200 1237 2283 amici,”
1253 2198 1424 2282 prosequi-

424 2307 492 2382 tur,
508 2299 586 2382 “qui
602 2305 720 2382 potero
734 2322 788 2368 me
804 2300 900 2370 vobis
914 2301 1032 2370 utilem
1048 2300 1254 2383 praestare?”

507 2418 559 2485 Ex
583 2417 632 2486 rei
657 2425 783 2486 natura
808 2417 882 2487 vice
907 2417 1050 2486 oratoris
1075 2417 1225 2500 Godirey
1250 2417 1351 2499 fungi
1367 2416 1423 2485 de·

425 2518 691 2700 beba‘t‘i'rimum
705 2619 752 2686 mi
768 2617 858 2686 Here
873 2619 974 2700 Pigot
987 2625 1032 2699 te,
1047 2619 1083 2687 in
1107 2617 1298 2687 Americam
1321 2616 1422 2686 adve-

424 2718 584 2800 nientem,
599 2719 731 2787 salvere
744 2717 931 2799 iubemus,”
943 2718 992 2786 ait
1006 2719 1070 2800 ille,
1085 2717 1183 2787 “dein
1194 2740 1329 2800 sperare
1341 2717 1422 2787 libet

424 2840 564 2898 moram,
579 2839 684 2901 quam
698 2817 733 2887 in
748 2817 859 2899 patria
872 2825 990 2887 nostra
1011 2817 1135 2900 exiges,
1161 2818 1421 2901 prosperrimum

424 2940 464 2987 ac
479 2917 756 2987 iucundissimam
771 2918 958 2987 futuram.”

507 3033 618 3104 “Dicis
631 3034 862 3116 amicissime,”
877 3034 1026 3104 iucundo
1041 3035 1111 3104 risu
1126 3035 1298 3118 respondit
1321 3035 1424 3104 Fran·

424 3158 493 3205 cus.
510 3134 736 3204 “Persuasum
752 3134 834 3203 mihi
849 3141 902 3203 est
916 3135 971 3204 hic
984 3157 1038 3204 me
1054 3135 1167 3204 omnia
1181 3135 1422 3205 iucundissima

424 3242 646 3318 experturum
661 3271 703 3278 -
718 3235 907 3317 praesertim
923 3235 1043 3304 urbem
1058 3241 1208 3305 vestram
1233 3235 1364 3318 miram,
1380 3236 1422 3305 de

424 3357 492 3418 qua
503 3335 570 3403 iam
582 3341 679 3402 tanta
690 3335 805 3404 audivi
818 3333 974 3416 iucunda,
991 3335 1159 3418 stupenda
1170 3357 1210 3406 ac
1220 3335 1338 3406 miral'

508 3450 689 3532 “Deinde'’
718 3451 936 3534 prosequitur
966 3451 1127 3534 Godrrey,
1158 3451 1364 3536 “speramus,
1386 3460 1420 3522 te

424 3553 619 3632 adiuvante,
655 3551 729 3620 fieri
769 3573 866 3634 posse
896 3559 938 3621 ut
961 3551 1099 3622 decuria
1124 3553 1281 3623 lictorum
1305 3561 1421 3623 nostra

423 3652 623 3735 mysterium
639 3672 749 3734 nuper
763 3651 817 3720 hic
832 3672 997 3721 caesorum
1011 3652 1115 3721 trium
1132 3659 1295 3736 retegere,
1312 3675 1424 3722 reum·

424 3774 492 3836 que
507 3751 759 3835 apprehendere
775 3752 897 3821 valeat.
921 3751 990 3822 Sibi
1013 3753 1103 3822 enim
1118 3753 1225 3823 relicti
1248 3754 1331 3823 nihil
1348 3776 1425 3837 pro·

423 3854 523 3923 ficere
538 3873 634 3934 posse
650 3851 841 3920 videntur.”

524 4055 548 4105 1.
575 4049 712 4113 Vidulus,
730 4051 766 4104 -i:
779 4067 866 4117 genus
877 4051 975 4117 bulgae‚
988 4052 1031 4104 vel
1044 4053 1192 4118 succiperii.
1212 4055 1284 4119 quod
1304 4054 1422 4108 viatores

424 4152 508 4189 manu
521 4151 613 4188 secum
627 4141 734 4201 gerunt,
748 4137 777 4187 in
790 4151 843 4202 quo
854 4152 898 4188 res
915 4137 1020 4202 exiguae
1040 4137 1073 4188 ad
1095 4137 1317 4190 commoditatem
1334 4154 1414 4192 neces

424 4221 502 4274 sariae
515 4221 701 4273 continentur.
