3500 5158
665 937 855 996 suenorum
870 939 976 995 anca
1254 922 1318 995 267

317 1105 379 1176 tibi
393 1113 585 1191 competere
600 1114 641 1177 ut
654 1106 709 1178 bic
724 1107 859 1179 intersis
881 1145 923 1154 -
945 1109 1061 1192 itaque
1085 1108 1112 1177 si
1137 1107 1318 1192 praestigiis

318 1206 504 1290 delectaris,
519 1229 601 1290 cape
617 1207 662 1277 sis
677 1208 822 1277 sedem.”

400 1309 546 1391 Propere
561 1308 668 1390 igitur
683 1309 825 1392 quaesivi
846 1310 962 1380 sellam
989 1317 1024 1380 et
1050 1308 1194 1390 consedi,
1216 1309 1317 1379 corde

316 1429 392 1476 meo
407 1407 504 1491 quasi
519 1407 702 1478 desidente.
732 1409 819 1478 Dein
842 1412 980 1479 vultum
1006 1410 1162 1479 simulavi
1186 1409 1316 1492 fingere

317 1507 495 1590 incurium,
521 1508 612 1591 quod
627 1509 849 1578 manifestum
874 1517 948 1579 erat
973 1532 1028 1579 me
1051 1509 1213 1579 interesse
1234 1509 1317 1578 hero

316 1607 417 1690 Pigot
432 1608 616 1691 displicere,
644 1609 856 1692 verebarque
870 1632 914 1679 ne
929 1610 1003 1679 eius
1017 1630 1141 1679 suaves
1165 1609 1315 1679 Francici

316 1728 428 1777 mores
442 1707 485 1778 ad
498 1715 679 1791 rupturam
694 1730 804 1790 usque
818 1710 1050 1780 tenderentur.
1088 1710 1135 1779 At
1149 1709 1273 1792 Grady,
1288 1709 1317 1779 si

317 1807 420 1877 etiam
435 1809 570 1877 noven't
583 1809 707 1891 hospiti
722 1830 785 1877 suo
799 1830 910 1878 meam
936 1809 1151 1892 praesentiam
1167 1809 1317 1892 displice·

314 1930 362 1989 re,
373 1907 407 1976 id
418 1907 586 1990 neglexit;
608 1908 700 1978 unde
714 1908 877 1991 suspicari
892 1910 978 1992 coepi
992 1931 1104 1980 mores
1118 1909 1241 1979 Granci
1260 1932 1317 1992 po-

315 2009 392 2076 litos
406 2014 510 2091 atque
524 2007 722 2078 civilitatem
737 2009 840 2078 talem
856 2031 929 2079 esse
950 2017 1092 2079 nactum
1113 2011 1253 2091 exitum,
1275 2017 1316 2079 ut

314 2107 435 2177 herum
452 2108 566 2190 Grady
580 2107 868 2179 invitusadversis
878 2109 953 2192 pilis
961 2110 1131 2180 mulsisset
1141 2109 1316 2192 ingratum

314 2208 405 2277 enim
419 2207 508 2277 visui
525 2215 599 2278 erat
614 2229 718 2291 quam
742 2230 854 2278 mores
868 2209 971 2279 huius
991 2216 1145 2291 agrestes
1165 2208 1316 2279 mon'bus

313 2308 403 2377 illius
417 2307 697 2378 adversabantur.
725 2308 897 2392 Quidquid
919 2317 1035 2379 tamen
1061 2331 1173 2379 causae
1198 2310 1316 2392 fuerit,

315 2407 403 2477 risus
417 2408 500 2490 eius,
527 2429 595 2492 quo
617 2430 652 2478 se
678 2409 721 2478 ad
747 2411 916 2478 Francum
938 2417 1162 2492 converterat,
1187 2410 1317 2480 malitia

314 2507 406 2578 haud
421 2507 568 2578 carebat.

398 2605 533 2690 “Atque
558 2629 649 2677 nunc
676 2609 825 2691 demum,
852 2609 942 2679 Here
968 2610 1140 2693 Piggottf
1170 2611 1204 2680 in
1235 2612 1316 2681 sella

314 2707 497 2777 reclinatus
518 2707 703 2790 aliquanto,
726 2709 833 2790 fatur,
860 2708 948 2778 “iam
970 2731 1032 2792 pro
1052 2716 1189 2780 ostentu
1205 2711 1315 2793 parati

314 2808 463 2877 sumus.”

397 2904 455 2977 “Id
471 2907 563 2991 quod
578 2907 689 2978 dicere
703 2908 822 2991 habeo,
837 2908 884 2978 mi
911 2909 1033 2992 Here,''
1046 2910 1149 2992 coepit
1164 2910 1242 2993 fari,
1257 2933 1315 2980 vo·

313 3029 352 3076 ce
367 3007 551 3090 chalybeiae
566 3007 710 3090 duritiae,
725 3008 925 3092 glacialique
950 3009 1090 3091 frigore,
1118 3008 1243 3093 “probe
1264 3011 1314 3079 in·

312 3107 486 3176 tellectum
502 3108 578 3177 volo
593 3130 682 3178 ame
698 3130 776 3178 cum
791 3108 915 3177 fiducia
929 3108 1004 3179 dici.
1020 3108 1059 3178 ld
1072 3109 1156 3179 nulli
1172 3110 1314 3192 proden-

316 3207 399 3277 dum
416 3207 522 3277 donec
536 3209 736 3279 malefactor
750 3215 871 3292 captus
885 3209 1022 3278 fuerit.''

396 3306 497 3377 Risus
512 3308 627 3390 Grady
640 3309 684 3377 ad
699 3308 762 3378 hoc
777 3308 991 3390 aliquantum
1017 3309 1132 3392 riguit.
1156 3311 1313 3380 Fortasse

312 3407 467 3490 verbum,
482 3407 517 3476 in
533 3414 702 3490 quantum
727 3409 762 3477 id
787 3408 927 3477 modum
952 3409 1194 3492 imperativum
1219 3432 1314 3480 sona·

312 3506 382 3590 bat,
397 3507 443 3576 illi
457 3507 570 3577 minus
585 3509 721 3591 placuit.
738 3507 911 3591 Quidquid
926 3509 1042 3591 fuerit,
1058 3510 1226 3580 monitum
1237 3511 1314 3581 floc-

312 3606 450 3677 cifecit.
539 3651 542 3657 -

281 3716 288 3732 '
396 3705 668 3791 “Intellerristine,
684 3709 775 3778 Here
800 3709 963 3779 Lester?”
988 3709 1111 3792 quaerit
1135 3731 1190 3781 me
1211 3710 1313 3780 intui-

310 3812 386 3887 tus;
401 3828 466 3890 ego
480 3807 596 3876 annui.
781 3823 783 3828 ’

394 3905 629 3977 Animadverti
644 3908 759 3977 oculos
773 3908 872 3990 Pigot
894 3909 1147 3992 excandescere,
1162 3911 1311 3980 vultum-

311 4027 379 4088 que
393 4005 444 4075 ira
459 4007 622 4088 suffundi,
634 4029 701 4076 vox
716 4007 807 4076 enim
823 4008 938 4090 Grady
952 4009 1027 4078 fere
1041 4009 1205 4078 insultum
1217 4031 1313 4079 sona·

311 4104 380 4175 bat.
392 4105 458 4175 Pro
471 4113 644 4176 momento
659 4107 894 4176 existimabam
909 4108 1070 4178 futurum
1084 4115 1125 4178 ut
1140 4109 1211 4191 ipse
1226 4131 1312 4193 opus

310 4227 412 4277 suum
427 4207 583 4290 prosequi
599 4213 751 4290 recuset;
773 4229 846 4278 sese
861 4215 976 4278 tamen
992 4209 1169 4279 continuit.
