3502 5158
652 921 763 972 omns
784 921 981 972 amomum
1270 905 1309 972 15

310 1110 445 1159 sursum
469 1097 567 1158 erant
592 1095 776 1170 contracta,
800 1110 838 1157 ac
859 1087 965 1157 veluti
981 1109 1114 1169 spasmo
1129 1087 1309 1167 convulsa;

310 1190 428 1259 vultus
441 1195 558 1258 autem
575 1187 748 1257 horridum
764 1188 798 1256 in
814 1188 954 1279 modum
976 1194 1050 1257 erat
1069 1194 1190 1256 torvus
1212 1188 1309 1269 quasi

311 1290 375 1359 sub
399 1296 478 1358 cute
502 1292 656 1371 purpura
679 1288 808 1358 tinctus
832 1296 931 1368 esset,
961 1287 1170 1370 sanguisque
1196 1287 1309 1358 subito

310 1391 423 1472 rigore
437 1389 659 1471 congelasset.
682 1387 779 1457 Oculi
795 1389 864 1457 late
881 1387 1056 1471 patebant,
1083 1407 1229 1470 quorum
1254 1389 1310 1457 oo

311 1496 409 1559 tutus
424 1489 555 1572 rigidus
570 1511 638 1557 non
654 1509 778 1571 parum
792 1488 942 1558 addebat
956 1487 1077 1558 terrori
1089 1494 1194 1568 atque
1205 1487 1310 1557 dolori

311 1611 330 1658 e
346 1590 446 1658 vultu
461 1588 654 1659 manifesto.
677 1588 717 1658 In
733 1609 877 1671 summa,
893 1597 1050 1671 aspectus
1064 1587 1118 1656 hic
1133 1586 1225 1655 haud
1237 1597 1311 1658 erat

311 1695 442 1773 gratus,
469 1687 610 1772 prohinc
626 1695 705 1771 post
719 1689 859 1758 brevem
881 1709 1012 1757 moram
1028 1688 1141 1756 oculos
1155 1708 1223 1754 non
1239 1690 1311 1758 sine

311 1799 459 1858 tremore
473 1789 577 1858 animi
598 1788 799 1858 reluctantis
812 1789 933 1858 averti.

395 1889 604 1958 Mortuan'us
619 1889 654 1957 in
670 1887 863 1959 Simmonds
879 1889 1024 1971 respicit.

396 1988 526 2060 “Causa
540 1989 660 2058 mortis
676 1989 767 2058 haud
783 1990 901 2071 procul
915 1991 1131 2072 quaerenda,'’
1154 1991 1251 2060 fatur
1274 1991 1311 2060 il-

311 2091 351 2158 le.
375 2089 525 2171 “Utique
541 2090 747 2158 venenum.”

396 2189 577 2272 “Utique”
593 2189 716 2258 annuit
730 2188 930 2259 Simmonds.

395 2288 467 2358 “nt
481 2289 573 2372 quod
587 2310 698 2372 genus
706 2289 744 2358 ?''
760 2290 923 2373 quaeritat
939 2290 1101 2373 Godfrey.

397 2389 457 2458 “ld
472 2389 637 2458 examinis
652 2389 717 2458 erit
732 2389 934 2472 declarare,”
946 2391 995 2460 ait
1004 2391 1079 2471 ille;
1095 2398 1170 2461 tum
1186 2393 1312 2461 iterum

183 2543 186 2549 a
312 2489 478 2572 proclinat
492 2489 536 2557 ad
551 2489 688 2559 vultum
703 2498 842 2558 torvum
858 2490 985 2559 mortui
996 2491 1109 2572 paullo
1119 2493 1313 2561 accuratius

313 2587 567 2672 inspiciendum.

396 2687 513 2758 “Licet
528 2689 611 2757 mihi
626 2710 777 2758 asserere
799 2690 920 2759 indicia
946 2689 1038 2759 haud
1064 2713 1137 2760 esse
1163 2713 1313 2762 commu·

313 2790 401 2858 ma.”

246 2891 251 2904 '
400 2888 553 2971 Godirey
568 2888 728 2958 humeros
743 2889 906 2958 motabat.

397 2987 591 3071 “Numquis
606 2987 705 3057 aliter
720 2990 868 3058 asseruit
877 2989 914 3057 Υ*
930 2991 1040 3058 refert
1062 2990 1143 3073 ipse,
1173 3013 1242 3073 quo
1274 2992 1311 3060 ia

313 3096 379 3171 cto,
394 3087 439 3155 ad
454 3087 700 3170 dispiciendum
714 3087 750 3157 in
765 3089 918 3158 conclavi
934 3111 971 3158 se
985 3091 1166 3160 convertit.

398 3187 509 3270 “Quid
525 3195 575 3270 tu,
593 3187 683 3257 Here
698 3188 827 3269 Lester‚
852 3209 955 3272 super
970 3189 1034 3258 hac
1049 3211 1086 3260 re
1102 3189 1207 3259 habes
1222 3190 1313 3273 quod

313 3287 451 3357 dicas?”
468 3289 630 3370 quaeritat
646 3286 866 3371 Goldberger.

397 3388 483 3471 Quae
512 3388 594 3458 scivi
624 3396 747 3458 cuncta
777 3388 940 3458 edisserui
963 3425 1003 3433 -
1025 3390 1312 3472 quemadmodum

314 3487 422 3557 Parks
450 3488 641 3558 adventum
671 3489 843 3571 peregrini
872 3488 1038 3571 retulerit,
1065 3491 1124 3572 qui
1149 3511 1213 3572 ego
1234 3511 1313 3560 cum

314 3588 461 3658 Vantine
476 3587 720 3671 descenderim,
747 3591 804 3672 qui
830 3589 977 3658 Vantine
1001 3611 1056 3659 me
1079 3591 1315 3673 appellaverit·

313 3710 364 3770 ac,
379 3695 562 3771 postremo,
589 3690 648 3772 qui
675 3689 784 3758 Parks
808 3688 955 3759 cadaver
980 3688 1070 3758 idem
1084 3711 1163 3760 cum
1180 3691 1314 3760 advena

314 3809 387 3858 esse
402 3787 636 3858 declaraverit.

398 3887 525 3958 “Estne
552 3887 738 3972 quidquam
765 3889 856 3972 quod
881 3889 947 3958 hac
972 3890 1014 3958 de
1041 3911 1077 3958 re
1099 3890 1267 3958 coniectes
1276 3890 1314 3958 i”

315 3987 439 4070 quaerit
454 3987 675 4071 Goldbergcr.

398 4087 512 4157 “Nihil
528 4088 593 4158 nisi
608 4088 700 4172 quod
715 4109 853 4158 causam
869 4089 936 4160 huc
951 4089 1109 4159 veniendi
1120 4089 1314 4158 simulatam

313 4195 433 4270 putem
448 4224 489 4232 ·-
501 4209 625 4270 nempe
640 4187 732 4258 hunc
747 4188 967 4272 peregrinum
982 4194 1100 4258 tutum
1116 4188 1314 4272 quaesivisse
