3536 5156
418 889 481 960 194
679 903 889 960 ursmarus
909 905 1018 960 mem
1038 899 1157 960 somn

418 1073 501 1142 hero
525 1073 677 1143 Ammnd
699 1075 985 1156 praestoiaturum.
1015 1074 1093 1143 Non
1119 1083 1235 1144 tamen
1258 1075 1303 1144 ibi
1326 1086 1416 1158 erat:

418 1194 527 1255 quum
542 1195 625 1243 vero
639 1195 660 1243 a
674 1173 782 1243 Parks
796 1174 984 1244 sciscitarer
1006 1175 1116 1258 reperi
1137 1197 1218 1245 eum
1243 1197 1286 1244 ex
1310 1177 1417 1259 pridie

418 1295 498 1342 eum
513 1273 578 1343 illic
593 1295 661 1343 non
674 1274 792 1344 fuisse.

502 1374 600 1444 Mens
614 1374 768 1458 Godrrey
781 1397 864 1457 erga
879 1396 992 1444 arcam
1018 1383 1162 1458 mutata,
1186 1376 1308 1458 fateor,
1335 1378 1417 1446 mihi

419 1473 603 1543 admodum
618 1474 705 1544 mira
719 1475 901 1544 videbatur
909 1498 918 1557 ;
934 1481 1100 1558 praeterea
1111 1476 1214 1545 ctiam
1227 1477 1418 1554 existimavi

420 1595 500 1643 eum
515 1574 613 1644 enixe
627 1597 752 1658 cupere
767 1575 928 1644 eximium
943 1576 1034 1645 bunc
1055 1576 1224 1646 Francum
1238 1577 1418 1646 convenire

420 1673 518 1744 velle.
540 1674 574 1744 ls
588 1696 671 1745 vero
694 1676 814 1758 gratiis
838 1675 938 1745 hodie
959 1676 1062 1745 etiam
1089 1677 1198 1759 magis
1223 1677 1419 1747 abundabat

421 1795 525 1855 quam
540 1773 594 1845 die
610 1775 727 1856 Lunae,
742 1782 778 1845 et
792 1797 847 1844 me
861 1797 941 1844 mox
954 1775 1000 1845 illi
1016 1775 1115 1857 plane
1126 1776 1305 1845 subactum
1320 1777 1418 1846 sensi.

421 1873 461 1944 ln
475 1895 553 1944 arca
568 1897 589 1944 a
603 1874 683 1944 navi
699 1876 898 1945 devehenda
912 1876 1015 1944 etiam
1029 1875 1143 1946 minus
1165 1898 1271 1945 morae
1294 1878 1420 1959 reperit

421 1996 525 2058 quam
541 1975 796 2058 anticipaverat,
818 1998 882 2045 nec
904 1977 982 2046 ullae
996 1976 1032 2044 in
1047 1977 1196 2058 portoria
1210 1977 1321 2045 obices
1335 1977 1421 2059 posi·

421 2083 468 2146 tae
482 2098 562 2146 eum
576 2076 805 2158 retardarunt,
828 2076 968 2157 proinde
990 2098 1034 2144 ne
1062 2076 1164 2145 tertia
1188 2076 1325 2158 quidem
1345 2085 1419 2146 erat

421 2177 505 2247 hora
520 2198 628 2260 quum
643 2176 687 2246 ad
702 2177 842 2246 domum
858 2177 1004 2246 Vantine
1019 2176 1229 2246 advenimus,

505 2276 656 2348 “Herum
672 2276 823 2359 Godfrey
836 2298 904 2346 non
919 2276 1019 2358 vidi,’'
1042 2277 1209 2358 quaerenti
1220 2276 1302 2345 mihi
1314 2276 1421 2346 Parks

421 2377 603 2464 respondit,
620 2377 677 2448 “at
691 2385 772 2448 sunt
794 2377 849 2447 hic
874 2376 929 2446 alii
953 2398 1039 2459 quos
1054 2376 1106 2446 hic
1121 2378 1332 2460 conspexisse
1353 2399 1423 2446 ma-

421 2501 490 2564 gno
505 2480 569 2550 tuti
584 2479 729 2549 dolore.’'

506 2579 568 2650 His
582 2579 680 2650 dictis
695 2578 912 2648 musican'um
928 2576 1034 2660 digito
1044 2576 1215 2658 indicavit,
1230 2598 1298 2659 quo
1314 2599 1422 2660 quum

422 2681 556 2764 accessi,
571 2680 801 2751 inventarium
815 2677 933 2748 confici
949 2676 1029 2746 vidi.
1041 2677 1223 2745 Factorum
1238 2679 1422 2760 praefectus

422 2783 533 2865 capite
548 2802 603 2851 me
618 2780 790 2861 salutavit,
806 2779 864 2848 sed
879 2799 945 2861 ego
958 2799 1026 2846 non
1047 2777 1183 2858 intravi,
1200 2798 1253 2846 res
1268 2777 1359 2846 enim
1373 2777 1423 2846 vi·

424 2905 464 2952 su
481 2881 564 2953 mihi
579 2902 743 2964 perquam
759 2885 832 2948 erat
844 2879 990 2960 ingrata

508 2981 617 3054 “Arca
631 2983 666 3051 in
680 2980 834 3050 cubiculo
848 2987 944 3047 trans
969 2977 1136 3046 ambitum
1160 2977 1243 3059 est,”
1270 2978 1421 3060 alloquor

423 3087 545 3157 herum
560 3083 722 3164 Annand,
737 3088 840 3162 atque
856 3085 1074 3160 antegressus
1094 3099 1174 3146 eum
1188 3099 1250 3160 per
1263 3078 1422 3147 conclave

422 3187 459 3255 in
474 3184 674 3268 contiguum
689 3181 884 3251 cubiculum
899 3179 1034 3248 deduxi.

508 3284 648 3355 Interim
664 3281 772 3352 Parks
786 3280 915 3349 lumina
928 3278 1025 3348 nobis
1039 3275 1215 3359 provenit,
1240 3299 1349 3359 quum
1371 3299 1424 3346 co

423 3408 497 3458 mes
510 3407 608 3456 meus
622 3385 736 3454 oculos
750 3381 786 3450 in
804 3380 898 3449 foros
921 3380 1084 3448 fenestrae
1107 3377 1237 3460 ligneos
1259 3377 1424 3447 emiratus

422 3484 601 3558 convertit.

508 3585 600 3656 “Nos
615 3584 726 3668 gratia
739 3582 858 3652 tutelae
873 3602 930 3650 eos
944 3578 1192 3663 apposuimus,”
1208 3577 1306 3647 docui
1332 3599 1422 3647 eum.

424 3687 533 3758 “Fieri
557 3685 647 3756 enim
670 3704 767 3768 posse
792 3681 990 3764 putavimus
1016 3687 1055 3748 ut
1080 3679 1201 3761 aliquis
1229 3678 1422 3760 ingressum

423 3795 582 3860 tentaret
605 3785 760 3868 Quodam
775 3781 909 3865 vesperi
923 3803 985 3850 nos
1000 3800 1120 3848 revera
1145 3779 1331 3860 reperimus
1355 3786 1424 3847 tor·

424 3889 493 3973 tile,
508 3886 600 3973 quod
616 3885 846 3957 excitabulum
860 3880 1069 3966 praedonium
1095 3879 1218 3962 iungit,
1233 3877 1423 3960 praecisum,

423 3997 541 4086 postea
555 3994 672 4058 autem
697 3985 845 4056 vidimus
870 3982 973 4052 etiam
1000 3981 1147 4064 aliquem
1170 3979 1234 4048 illic
1257 4000 1319 4061 per
1333 3979 1423 4048 fora-

423 4113 503 4162 men
518 4111 580 4159 nos
596 4086 794 4171 speculari.”

506 4189 617 4276 “Quid
630 4186 723 4258 ais?”
739 4185 847 4256 herus
858 4182 1009 4253 Armand
1024 4180 1092 4250 cito
1107 4178 1241 4266 quaerit.
