3554 5156
557 919 733 980 mumrus
753 921 896 988 QUIDAM
917 921 1129 980 SALUTATOR
1285 909 1349 979 143

350 1090 408 1162 ine
423 1091 477 1163 sit.
498 1093 758 1176 Verumtamen,
772 1091 863 1164 Here
878 1091 1111 1176 Homblower,
1134 1093 1302 1165 monitum
1316 1100 1353 1164 te

350 1212 425 1264 esse
438 1193 517 1264 volo
531 1192 613 1264 mibi
629 1213 830 1278 persuasum
844 1214 918 1264 esse
932 1195 1019 1264 duos
1032 1193 1135 1276 viros,
1149 1213 1208 1264 eos
1221 1194 1353 1265 forulos

351 1294 482 1376 aperire
507 1299 657 1377 conatos,
682 1294 809 1365 occisos
832 1293 971 1376 fuisse,''
992 1293 1205 1378 explicuique
1227 1294 1274 1365 illi
1295 1294 1354 1364 ad·

349 1415 488 1466 versum
503 1416 559 1465 me
573 1393 715 1478 sedenti,
736 1394 930 1478 auditisque
952 1395 1134 1465 eventibus
1158 1393 1353 1479 obstupefa-

351 1502 406 1566 cto
420 1494 588 1565 theoriam
601 1515 714 1564 meam
729 1493 773 1565 de
787 1501 897 1564 morte
913 1494 1059 1579 Philippi
1072 1495 1232 1578 Vantine,
1247 1495 1351 1566 Fran·

351 1595 451 1679 cique
465 1594 584 1678 ignoti.
607 1594 762 1678 Denique
778 1593 831 1665 his
847 1595 959 1665 verbis
984 1593 1098 1665 finivi:
1131 1591 1349 1666 “Veiosimile

350 1694 433 1766 mihi
448 1695 586 1766 videtur
597 1694 756 1777 Vantine,
771 1694 854 1765 dum
869 1715 983 1765 arcam
997 1694 1199 1779 exploraret,
1213 1717 1294 1766 casu
1315 1697 1351 1765 in

351 1795 504 1866 sendum
517 1793 691 1876 incidisse3
713 1800 847 1865 atvero
861 1795 1009 1866 alterum
1022 1815 1103 1864 eum
1117 1794 1290 1866 hominem
1300 1796 1353 1866 fo·

351 1895 417 1966 ruli
431 1894 591 1979 ignarum
604 1916 674 1965 non
688 1895 796 1966 fuisse
811 1894 951 1978 perinde
971 1901 1077 1977 atque
1101 1901 1350 1978 contentorum,

351 1995 483 2066 nullum
497 1993 707 2066 intercedere
719 1993 895 2066 dubium.''

435 2109 544 2182 “Hem
552 2109 583 2182 !”
597 2109 790 2196 interpellat
800 2111 976 2194 salutator,
987 2109 1134 2182 “multas
1148 2118 1184 2183 et
1198 2111 1302 2184 miras
1315 2113 1351 2182 in

350 2211 424 2282 vita
438 2231 515 2282 mea
528 2209 646 2283 audivi
666 2211 801 2282 recitari
823 2210 970 2294 fabulas,
993 2231 1110 2296 parem
1134 2211 1238 2283 buius
1262 2234 1350 2283 nun-

352 2333 466 2396 quam.
488 2311 625 2382 Nihilne
639 2310 702 2383 tibi
717 2310 760 2383 de
774 2311 840 2383 isto
855 2311 986 2382 Franco
999 2317 1132 2382 constat
1143 2311 1181 2382 l”

434 2426 559 2512 “Nihil,
573 2427 638 2500 nisi
652 2427 744 2513 quod
758 2427 804 2500 ab
818 2427 934 2499 Havre
949 2449 1010 2512 per
1024 2431 1079 2500 Lo
1096 2431 1280 2512 Touroa'ne,
1297 2452 1352 2501 su-

351 2529 484 2613 periore
498 2528 553 2600 die
568 2529 659 2600 lovis
672 2527 740 2601 buc
755 2528 897 2613 appulit,
912 2535 948 2600 et
962 2527 1054 2612 quod
1069 2550 1090 2599 a
1103 2529 1274 2614 crepidine
1299 2551 1352 2600 re-

353 2633 410 2702 ctt
423 2628 492 2702 buc
507 2635 628 2701 vectus
641 2628 725 2700 est.”

436 2744 536 2818 “Mea
549 2767 687 2831 quoque
701 2745 806 2818 cliens
820 2767 881 2829 per
896 2749 951 2816 Lo
969 2747 1145 2816 Tooroine
1158 2745 1298 2818 advenit
1311 2782 1354 2792 -
1418 2753 1426 2768 '

355 2845 447 2930 quod
461 2853 579 2918 tamen
592 2867 674 2918 casu
689 2845 739 2916 ita
752 2845 885 2917 factum
900 2846 983 2916 est'’

436 2961 546 3035 “Fieri
556 2964 699 3048 potest,”
713 2963 863 3047 inquam,
879 2960 958 3033 “sed
973 2962 1033 3032 vix
1046 2984 1127 3034 casu
1147 2964 1280 3036 factum
1301 2971 1354 3036 eet

353 3070 394 3135 ut
407 3070 444 3135 et
457 3063 530 3149 ipse
544 3069 581 3134 et
594 3063 698 3135 cliens
722 3069 785 3136 trra
799 3063 913 3147 gratia
926 3068 1165 3135 contentorum
1178 3064 1282 3136 foruli
1297 3086 1354 3135 ve·

352 3165 513 3236 ΜΕ)

437 3263 561 3335 “Aime
575 3270 616 3335 tu
630 3317 640 3334 ·
655 3318 663 3334 ·
678 3264 709 3348 ,rr

437 3363 520 3434 “Aio
544 3363 703 3449 equidem
726 3363 800 3436 lieri
826 3365 976 3449 potuisse
998 3371 1038 3436 ut
1057 3365 1279 3448 mysteriosus
1298 3365 1354 3436 ille

354 3465 505 3536 Francus
518 3464 563 3536 nb
576 3464 660 3536 bero
674 3463 706 3535 X
720 3463 844 3536 missua
857 3465 1000 3549 veniret,
1015 3465 1171 3535 Matrona
1184 3463 1217 3535 X
1230 3487 1353 3549 nempe

352 3585 435 3636 casu
459 3563 608 3649 quodam
632 3563 816 3649 improviso
841 3585 1004 3638 moenum
1029 3563 1072 3636 de
1086 3563 1208 3636 litteris
1220 3570 1355 3649 poterat

353 3663 476 3736 marito
490 3684 553 3736 suo
567 3663 784 3748 prodidisae.”

436 3780 550 3852 Herus
564 3779 787 3854 Homblower
801 3782 915 3854 subito
929 3781 1088 3854 sumexit
1103 3781 1226 3854 Animo
1241 3782 1356 3855 admo·

355 3880 438 3953 dum
452 3879 613 3953 turbatus
627 3901 701 3954 mae
715 3881 906 3954 videbatur.

438 3995 616 4070 “Fortasae
645 4019 729 4070 vera
753 4001 902 4083 moner‚”
925 3999 1046 4084 inquit
1079 3997 1173 4084 “uno
1197 3999 1354 4071 clientem

354 4119 466 4170 meam
480 4097 662 4170 confestim
677 4098 834 4170 edocebo.
856 4099 1062 4172 Concessum
1076 4098 1243 4171 nuntiabo
1257 4099 1304 4170 illi
1318 4099 1356 4171 li·

354 4197 1355 4287 cennamimpiceremtquesihaeeveraessecommo
