3554 5156
443 906 507 976 132
705 923 915 978 ursrnmmr
935 924 1044 978 Anca
1065 919 1186 979 noune

526 1089 574 1158 Ut
597 1089 738 1159 domum
762 1092 1147 1175 versusprogrediebar‚
1172 1115 1287 1176 agere,
1301 1094 1386 1177 quin
1400 1093 1444 1164 de

438 1187 488 1258 iso
517 1211 640 1260 arcano
666 1191 811 1272 homine,
836 1191 894 1274 qui
920 1192 1073 1261 animum
1088 1192 1241 1276 Godirey
1261 1201 1441 1278 tantopere

442 1289 616 1372 affecerat,
644 1291 731 1360 serio
756 1291 953 1374 cogitarem,
977 1314 1045 1361 non
1072 1301 1236 1375 poteram.
1257 1295 1447 1378 Nunquam

443 1389 581 1458 memini
606 1412 686 1460 eum
711 1390 754 1459 de
779 1413 816 1460 se
839 1413 919 1460 cum
941 1393 1010 1462 ullo
1030 1392 1226 1462 adversario
1239 1394 1448 1463 conterendo

442 1487 618 1570 dubitare;
640 1497 677 1558 at
690 1512 781 1558 nunc
796 1512 1016 1574 congressum
1030 1492 1199 1574 fugiebat,
1212 1498 1275 1561 aut
1288 1500 1381 1562 uerte
1396 1515 1448 1562 re·

442 1589 650 1659 formidabat
666 1625 705 1634 -
720 1612 765 1658 ne
780 1591 906 1660 scilicet
919 1599 1141 1674 superaretur
1153 1599 1217 1661 aut
1230 1592 1447 1663 eluderetur!

443 1687 601 1772 Quantus
616 1690 663 1758 sic
676 1689 786 1758 honor
801 1691 880 1759 huic
894 1712 1017 1759 arcano
1031 1691 1150 1774 ignoto
1165 1691 1317 1762 tributus
1331 1693 1376 1762 sit
1388 1715 1448 1762 ne·

443 1809 499 1858 mo
513 1789 576 1858 nisi
590 1811 654 1872 ego
669 1789 822 1858 divinare
837 1789 942 1873 potui

525 1905 616 1975 Tum
631 1928 713 1975 vero
728 1906 930 1976 cachinnum
955 1907 1051 1976 illum
1075 1906 1277 1978 derisorium
1299 1909 1446 1979 recolen-

441 2005 486 2074 do
501 2005 714 2088 aliquantum
736 2014 774 2075 et
798 2007 976 2090 trepidavi.
1006 2007 1093 2076 Dein
1116 2030 1179 2091 per
1198 2008 1381 2078 humerum
1395 2031 1446 2078 re

442 2113 599 2188 spectans
613 2127 752 2189 gressus
766 2128 859 2176 meos
879 2108 1074 2190 acceleravi,
1089 2130 1170 2177 nam
1184 2109 1214 2178 si
1228 2108 1381 2192 Godtrey
1404 2109 1447 2179 si·

441 2203 474 2274 bi
490 2207 681 2275 timendum
696 2207 843 2290 putavit,
858 2214 988 2290 quanto
1002 2207 1112 2290 magis
1126 2207 1161 2278 id
1176 2208 1259 2276 mihi
1268 2209 1447 2278 convenie-

440 2305 519 2374 bat!
548 2306 682 2376 Pudore
707 2306 854 2389 quodam
879 2307 1005 2390 agnovi
1029 2330 1085 2378 me
1108 2308 1248 2376 allevari
1269 2330 1379 2392 quum
1400 2310 1445 2378 ad

442 2405 706 2477 contubernium
720 2428 837 2475 meum
857 2407 1000 2490 perveni
1022 2407 1214 2490 Marathon,
1238 2409 1446 2492 ianuamque

445 2527 558 2574 meam
573 2504 738 2576 obseravi.

525 2621 720 2704 Antequam
746 2628 862 2691 tamen
887 2621 1134 2705 decubuissem‚
1158 2645 1179 2692 a
1201 2622 1355 2707 Godirey
1383 2625 1445 2694 ite·

442 2743 519 2790 rum
534 2721 696 2792 nuntium
711 2721 835 2806 accepi,
850 2744 911 2806 per
926 2723 1145 2806 telephonum
1160 2723 1251 2792 enim
1272 2730 1445 2807 evocatus,

441 2842 561 2890 vocem
576 2821 651 2890 eius
666 2821 803 2904 agnovi.

525 2935 639 3006 “Nihil
653 2937 718 3006 nisi
732 2945 767 3006 te
782 2938 901 3008 docere
916 2939 1041 3022 cupivi,
1056 2939 1207 3021 Lester‚’'
1229 2939 1350 3023 inquit,
1375 2937 1446 3009 “re

441 3043 496 3106 cte
521 3043 555 3105 te
578 3037 757 3106 divinasse.
788 3037 1011 3119 Mysteriosus
1034 3037 1088 3108 ille
1114 3038 1266 3109 Francus
1287 3038 1369 3108 navi
1390 3042 1445 3108 Lo

442 3138 618 3206 Touraiae
632 3137 700 3206 huc
715 3137 882 3221 pervenit,
898 3159 1056 3220 egressus
1082 3145 1199 3208 autem
1214 3138 1355 3208 estheri
1373 3160 1444 3208 me

439 3235 532 3318 ridie,
549 3243 670 3307 vectus
685 3259 766 3306 vero
782 3243 856 3307 erat
871 3237 1090 3321 interstegio;
1121 3245 1288 3308 caeterum
1312 3239 1443 3308 instito-

434 3335 529 3405 ribus
549 3336 593 3406 de
608 3359 648 3406 eo
663 3334 746 3406 nihil
761 3335 948 3406 constabat.
972 3337 1047 3420 Quo
1061 3337 1196 3408 circiter
1223 3345 1378 3422 tempore
1400 3337 1445 3409 ad

435 3435 583 3504 Vantine
599 3435 761 3518 pervenit
772 3435 808 3504 ?'’

525 3552 641 3623 “Circi
657 3552 777 3622 horam
792 3552 986 3635 secundam,
1000 3561 1042 3622 ut
1056 3555 1171 3637 puto.”

522 3668 665 3752 “Itaque
680 3691 702 3739 a
715 3667 795 3738 navi
810 3671 905 3738 recta
919 3690 959 3738 eo
974 3670 1047 3752 ivit,
1063 3675 1104 3739 ut
1115 3676 1155 3740 tu
1167 3670 1341 3754 putavisti.
1356 3669 1443 3739 liinc

440 3770 551 3853 palam
575 3769 614 3838 fit
640 3790 746 3852 quare
782 3767 920 3851 ignotus
950 3768 1107 3839 omnibus
1138 3770 1256 3840 fuerit.
1293 3769 1442 3841 Societas

439 3868 652 3952 navigatoria
667 3867 889 3951 sacciperium
903 3869 1076 3952 quondam
1091 3891 1193 3939 suum
1207 3869 1366 3954 possidet
1382 3869 1444 3939 Fa-

437 3969 524 4038 ciam
538 3975 580 4039 ut
594 3968 629 4038 id
643 3989 718 4038 cras
733 3967 897 4052 aperiant,
914 3974 989 4038 turn
1004 3969 1081 4052 quis
1095 3970 1202 4038 fuerit
1229 3971 1376 4040 fortasse
1390 3991 1444 4040 co·

439 4067 677 4152 gnoscemus.”

521 4184 679 4268 “Verum,
695 4184 879 4270 Goureyss’
895 4185 1073 4270 interpello
1094 4207 1169 4272 ego,
1194 4185 1298 4270 “quid
1313 4186 1355 4257 de
1377 4185 1442 4258 isto
