3554 5156
713 889 821 947 ocum
841 891 1029 948 rannerus
1307 875 1371 946 12³

368 1067 461 1131 oerto
475 1060 591 1130 ordine
606 1067 771 1144 oportere,
787 1061 935 1144 alioquin
950 1061 1086 1131 fomlus
1099 1081 1278 1144 nunquam
1293 1080 1370 1144 ape·

369 1161 486 1230 rietur.
508 1161 636 1230 Vereor
650 1182 694 1230 ne
709 1161 879 1244 repulsam
894 1161 1078 1231 feramus.'’

452 1260 631 1332 “Graviter
644 1283 718 1331 rem
732 1283 787 1331 me
800 1261 892 1330 ferre
916 1281 1065 1332 asserere
1078 1260 1172 1332 haud
1186 1259 1305 1344 queo,”
1320 1281 1371 1330 re

369 1360 432 1431 tuli
447 1383 511 1445 ego
525 1361 638 1431 animo
652 1361 828 1432 allevatus
850 1359 944 1445 “Ego
958 1361 1096 1445 quidem
1111 1383 1154 1431 ex
1176 1381 1253 1432 mea
1273 1366 1371 1445 parte

369 1481 468 1546 aequo
492 1461 603 1531 feram
629 1460 742 1531 anirno
765 1461 793 1530 si
817 1459 953 1531 forulus
974 1461 1010 1530 in
1033 1461 1278 1545 sempiternum
1293 1459 1372 1530 deli-

368 1561 505 1631 tuerit'’

451 1659 546 1746 “Ego
560 1683 629 1731 non
643 1661 757 1744 item,’'
782 1661 899 1746 paucis
925 1663 1033 1732 refert
1059 1661 1220 1745 Godirey,
1248 1660 1373 1732 strictis

370 1761 555 1845 superciliis
567 1761 717 1832 residens
731 1783 913 1844 arcamque
934 1769 1119 1846 aspectans.
1142 1761 1223 1832 Mox
1246 1761 1372 1831 iterum

370 1861 518 1932 surrexit
532 1883 713 1945 arcamque
729 1883 750 1931 a
763 1869 860 1945 tergo
874 1862 1011 1946 palpare
1025 1862 1137 1945 coepit.

453 1961 574 2032 Nescio
589 1961 671 2045 quid
686 1961 720 2032 id
734 1961 841 2031 fuerit
856 1997 897 2006 —
910 1961 1038 2032 nullius
1052 1961 1143 2032 enim
1153 1961 1306 2032 conscius
1315 1960 1369 2031 fui

369 2062 587 2146 strepitos-
601 2061 654 2132 vis
668 2067 782 2132 tamen
798 2061 956 2144 quaedam
969 2061 1214 2132 arcanaoculos
1223 2081 1317 2132 meos
1327 2060 1371 2132 ad

368 2163 555 2233 fenestram
569 2162 762 2246 posterioris
775 2162 882 2246 partis
895 2161 1041 2232 cubiculi
1055 2162 1191 2232 allicuit
1206 2162 1315 2246 Prope
1327 2160 1371 2232 ad

368 2263 599 2334 summitatem
612 2261 746 2333 foriculi
768 2283 872 2346 quem
888 2284 952 2346 ego
965 2269 1002 2333 et
1016 2262 1125 2333 Parks
1138 2263 1174 2332 in
1188 2262 1301 2332 locum
1314 2283 1372 2346 ap·

368 2384 599 2448 posueramus,
615 2363 779 2446 exiguum
794 2370 868 2434 erat
892 2364 1048 2432 foramen
1072 2363 1192 2433 lunare
1217 2362 1368 2445 aliquan·

369 2469 455 2546 tum,
470 2462 555 2533 lucis
567 2463 680 2547 gratia
693 2463 839 2534 fortasse
864 2463 1024 2546 excisum,
1039 2483 1100 2547 per
1114 2463 1206 2547 quod
1220 2484 1283 2547 par
1294 2484 1371 2533 ocu·

368 2563 480 2634 lorum
493 2599 535 2609 -
556 2563 731 2634 oculorum
755 2563 949 2634 ardentium
980 2599 1014 2610 -
1047 2563 1212 2647 speculari
1236 2562 1371 2634 videba-

454 2763 552 2834 Oculi
566 2763 601 2833 hi
615 2764 650 2833 in
666 2763 818 2847 Godfrey
832 2771 929 2835 tanto
943 2763 1063 2834 ardore
1077 2769 1176 2833 erant
1196 2762 1308 2846 defixi,
1329 2769 1371 2835 ut

369 2886 486 2935 meum
500 2864 661 2935 obtutum
676 2885 739 2934 nec
753 2864 934 2935 observare
950 2871 1118 2948 parerent,
1139 2870 1175 2934 et
1201 2863 1247 2933 sic
1267 2870 1372 2948 caput

366 2964 521 3048 protinus
535 2963 665 3035 deflexi

458 3063 662 3147 “Godfreyss'
679 3064 833 3148 alloquor
847 3085 937 3147 eum,
962 3062 1050 3134 “noli
1080 3063 1266 3148 suspicere;
1288 3085 1371 3134 cave

368 3171 483 3234 vertas
497 3171 620 3248 caput;
642 3171 695 3234 est
709 3185 831 3248 nempe
845 3164 976 3247 aliquis,
992 3163 1051 3246 qui
1065 3185 1127 3247 per
1139 3163 1295 3233 foramen
1305 3163 1372 3233 fori

368 3264 541 3346 fenestra,
556 3285 575 3334 e
590 3264 727 3348 regione
741 3263 848 3347 nobis,
862 3285 924 3334 nos
938 3263 1162 3348 speculatur.”

453 3363 604 3447 Godfrey
617 3385 721 3448 prope
736 3363 880 3435 solidum
895 3363 1068 3434 minutum
1093 3385 1162 3433 non
1188 3363 1372 3447 respondit,

369 3463 428 3535 sed
443 3485 529 3548 opus
543 3485 657 3534 arcam
671 3463 868 3548 explorandi
882 3463 1056 3534 commode
1069 3463 1371 3548 prosequebatur.”

452 3563 567 3634 “lene
582 3585 618 3634 se
633 3571 864 3647 aspectantem
879 3563 973 3634 videt
982 3563 1020 3633 l''
1034 3563 1159 3647 quaerit
1173 3563 1328 3648 denique.

452 3663 551 3734 “Non
565 3663 679 3746 videt;
702 3663 811 3733 omnis
822 3670 858 3734 te
873 3663 1068 3747 speculatur
1082 3663 1188 3733 oculis
1212 3685 1231 3733 e
1256 3664 1371 3735 fronte

367 3785 465 3848 pane
478 3763 739 3848 procidentibus
761 3763 949 3848 Nunquam
964 3763 1050 3833 tales
1063 3762 1133 3832 vidi
1147 3763 1262 3834 oculos
1272 3763 1301 3832 !'’

454 3863 632 3934 “Ullanme
646 3864 765 3934 vultus
780 3863 854 3934 eius
867 3871 1000 3948 partem
1014 3863 1165 3934 vidisti?”

451 3962 551 4034 “Non
565 3963 653 4046 vidi;
675 3963 830 4034 foramen
846 3963 932 4034 exile
946 3969 1007 4033 est.
1030 3963 1162 4047 Digitos
1187 3963 1290 4034 unius
1304 3985 1373 4034 ma·

367 4067 434 4136 mis
447 4065 521 4137 eius
533 4065 651 4135 videor
663 4063 796 4148 vidisse,
811 4064 895 4135 dum
909 4085 946 4134 se
958 4063 1031 4134 loco
1041 4063 1212 4134 continere
1222 4070 1374 4133 conatus·

366 4165 402 4235 in
416 4164 582 4235 foramine
597 4164 745 4236 tenebat
