3502 5158
738 869 885 924 sunum
1268 853 1310 924 43

312 1039 441 1121 digam1
470 1036 679 1107 meritoriam
707 1035 960 1120 intercepimus,
982 1041 1018 1106 et
1040 1043 1155 1106 ortum
1177 1059 1309 1121 versus,

313 1139 377 1208 sub
393 1139 524 1220 itinere,
540 1159 662 1206 versus
676 1137 828 1206 Plateam
853 1137 1061 1206 ferebamur.
1098 1137 1234 1208 Interea
1259 1160 1312 1208 ro

313 1260 390 1308 rare
403 1239 517 1321 coepit,
533 1259 572 1308 ac
587 1237 743 1307 bitumen
757 1237 944 1320 pavimenti
970 1237 1098 1320 speculi
1112 1236 1202 1320 nigri
1216 1261 1310 1308 more

314 1339 469 1420 micabat,
483 1338 716 1408 luminibusin
732 1360 773 1408 eo
787 1337 928 1421 depictis
954 1337 1022 1408 huc
1047 1345 1082 1408 et
1107 1339 1186 1408 illuc
1211 1340 1312 1411 vacil-

313 1439 470 1509 lantibus.
491 1439 566 1509 Viae
580 1460 685 1522 prope
708 1445 807 1508 erant
830 1439 958 1521 inanes
982 1440 1074 1521 quod
1098 1439 1311 1512 theatrorum

314 1539 518 1623 frequentiae
532 1539 601 1610 iam
616 1537 787 1622 dissipatae
802 1544 910 1622 erant,
936 1539 1052 1622 sicque
1076 1541 1228 1611 Plateam
1254 1565 1313 1613 na·

314 1641 370 1722 cti,
385 1641 421 1710 in
436 1662 544 1723 eaque
559 1640 718 1710 deorsum
732 1640 833 1722 versi,
848 1640 1000 1723 digarius
1015 1641 1246 1712 scintillarium
1259 1667 1313 1714 su·

315 1764 375 1812 um
390 1741 516 1824 adegit,
531 1762 661 1824 nosque
673 1761 794 1809 versus
805 1739 1136 1824 Quartamdecimam
1151 1742 1251 1813 Viam
1265 1745 1314 1815 ita

314 1841 522 1923 ferebamur,
536 1848 577 1911 ut
592 1841 747 1910 celeritas
760 1841 842 1909 mihi
857 1863 1027 1911 canonum
1043 1842 1138 1912 urbis
1152 1844 1313 1915 conditio-

315 1964 376 2012 nes
392 1943 426 2012 in
442 1949 593 2012 mentem
609 1947 796 2010 revocaret.
829 1939 895 2010 Sed
910 1943 1025 2011 nullus
1040 1942 1138 2013 lictor
1152 1965 1188 2014 se
1203 1944 1315 2028 inges-

315 2044 369 2125 sit,
392 2051 428 2113 et
451 2043 498 2113 sic
523 2042 673 2125 quinque
695 2041 837 2110 minutis
858 2049 935 2125 post
961 2049 1041 2112 ante
1062 2043 1153 2113 aedes
1166 2044 1314 2117 Vantine

316 2144 449 2228 appulsi
464 2143 688 2213 constitimus.

400 2261 508 2331 Parks
521 2260 703 2329 videbatur
718 2259 754 2328 in
769 2259 909 2343 fastigio
934 2262 1108 2344 graduum
1134 2286 1190 2334 me
1213 2287 1315 2349 oppe-

317 2362 407 2433 riens
421 2360 564 2443 stetisse,
580 2381 660 2429 nam
676 2381 774 2442 paene
789 2367 974 2443 antequam
995 2361 1075 2445 diga
1099 2371 1216 2434 nostra
1238 2388 1316 2437 con·

317 2463 468 2543 stitisset,
483 2461 554 2543 ipse
570 2459 718 2529 halitans
733 2461 937 2530 decucurrit.
970 2461 1043 2545 Ope
1058 2463 1227 2534 luminum
1242 2466 1316 2537 Pla-

317 2570 383 2632 teae
397 2562 533 2632 vultum
548 2560 623 2630 eius
637 2561 873 2643 animadverti,
888 2561 972 2631 dum
987 2561 1118 2646 digario
1133 2567 1316 2638 tessellama

318 2661 545 2746 argentariam
562 2661 749 2744 tradebam,
765 2683 803 2730 ac
819 2661 894 2731 fere
909 2683 964 2731 me
979 2662 1217 2746 obstupefecit.

400 2779 521 2849 “Tune
534 2779 564 2848 is
578 2800 624 2860 es,
641 2779 688 2847 mi
702 2778 794 2847 Here
810 2777 975 2849 Lesterl'’
991 2779 1111 2850 halitat
1126 2781 1208 2865 ipse.
1242 2783 1317 2854 “Dii

319 2888 353 2950 te
367 2878 501 2950 ament!
523 2877 634 2962 Quam
649 2900 703 2947 me
718 2878 864 2948 delectat
879 2878 933 2948 hic
948 2886 983 2949 te
999 2879 1115 2952 videre
1130 2918 1171 2926 —
1182 2882 1210 2952 !''

401 2995 583 3066 Brachium
598 2995 672 3066 eius
691 2997 910 3066 contrectavi.

402 3095 525 3179 “Erige
540 3096 586 3166 sis
598 3103 633 3165 te
648 3095 696 3164 mi
711 3095 813 3165 homo
823 3094 852 3165 !’'
868 3097 957 3167 solor
971 3117 1061 3167 eum.
1084 3097 1182 3170 “Noli
1205 3101 1317 3172 dilabi.

320 3199 404 3268 Fare
418 3218 512 3267 nunc
528 3232 567 3241 -
583 3196 665 3279 quid
681 3197 803 3266 accidit
812 3195 848 3266 ?''

402 3314 563 3385 Omnium
576 3335 762 3383 nervorum
777 3315 995 3384 contentione
1010 3339 1045 3386 se
1060 3320 1261 3401 composuit.

403 3416 495 3485 “lam
512 3415 572 3484 tibi
585 3415 773 3497 ostendam,
788 3416 835 3484 mi
850 3415 973 3498 Here,''
988 3417 1112 3499 quibus
1122 3421 1236 3490 verbis
1246 3444 1319 3491 sur·

422 3653 445 3704 1.
462 3651 577 3704 Romani
590 3651 658 3704 duos
678 3666 761 3717 equos
785 3651 894 3704 iunctos
907 3649 1013 3718 bipam,
1033 3657 1096 3714 tres,
1111 3653 1230 3720 totpam,
1257 3673 1311 3724 qua

323 3739 384 3786 tuor
396 3731 573 3800 qtludra'pam
584 3733 771 3800 appellarunt;
788 3751 840 3800 ego
853 3749 970 3797 currum,
984 3736 1028 3788 cui
1052 3738 1123 3789 nulli
1145 3740 1207 3805 equi
1231 3740 1319 3793 iuncti

320 3823 393 3878 sunt,
410 3818 525 3884 ideoque
540 3818 617 3884 quasi
635 3816 758 3871 deiuncti
771 3819 972 3881 existimantur,
985 3817 1085 3885 dipem
1096 3836 1173 3875 voco.
1186 3849 1219 3858 -
1230 3822 1320 3876 Meri-

321 3901 438 3965 torium,
455 3901 507 3954 hoc
519 3902 548 3953 in
560 3918 651 3963 sensu,
663 3909 705 3954 est
717 3903 880 3956 Romanum.

418 4005 442 4055 2
462 4000 590 4055 Teasollu
603 4002 778 4069 carpentario
790 4005 835 4056 vel
857 4008 980 4067 tessera,
1008 4010 1041 4057 ut
1063 4021 1143 4072 supra
1174 4006 1249 4073 (Cap.
1268 4008 1318 4074 lii),

319 4092 360 4140 eet
373 4087 488 4153 pecunia
500 4085 651 4148 chartacea,
664 4102 745 4153 quam
759 4089 922 4153 argentariae
935 4089 1076 4156 evulgant.
1088 4117 1122 4126 -
1134 4089 1318 4157 Arpenturta

319 4177 360 4223 est
371 4171 492 4230 taberna,
504 4169 548 4222 cui
560 4170 690 4236 pecunias
703 4176 811 4224 nostras
822 4173 1019 4236 concredimus
1035 4173 1188 4227 Romanum
1200 4180 1249 4228 est
