3554 5156
406 871 468 942 124
667 885 879 940 ursrusnru
899 886 1007 942 Anca
1027 882 1148 942 nouus

486 1051 584 1136 “Qua
597 1055 633 1124 in
648 1054 828 1125 altitudine
843 1061 895 1125 est
909 1055 1064 1125 foramen
1075 1055 1112 1125 l’'

486 1152 616 1237 “Prope
631 1154 674 1224 ad
689 1155 920 1225 summitatem
935 1155 1127 1225 fenestrae.”

485 1254 600 1325 Pauca
614 1260 690 1338 post
704 1262 877 1324 momenta
891 1255 1043 1338 Godfrey
1056 1255 1099 1326 ad
1110 1253 1226 1326 sellam
1242 1277 1340 1326 suam
1356 1278 1408 1327 re·

402 1354 517 1437 vertit,
531 1355 691 1437 consedit,
706 1360 811 1437 atque
831 1355 1030 1425 mucinium¹
1058 1355 1182 1425 sensim
1208 1356 1242 1424 in
1268 1355 1406 1426 vultum

401 1454 545 1525 induxit.
569 1455 653 1524 Dein
667 1454 874 1538 proclinatus
887 1455 990 1538 pedes
1014 1477 1101 1524 arcae
1127 1463 1300 1539 aspectare
1325 1457 1408 1526 affe·

402 1554 529 1624 ctabat.
576 1609 583 1618 .

487 1651 583 1724 “Vidi
598 1655 709 1738 eum,”
723 1653 844 1737 inquit
867 1653 965 1725 “Sive
979 1655 1093 1738 potius
1106 1655 1221 1725 oculos
1235 1656 1309 1726 eius
1322 1655 1402 1727 vidi.

403 1754 526 1824 Nonne
541 1776 644 1837 quam
659 1761 740 1824 sunt
755 1754 868 1824 saevi.’'

485 1852 603 1924 “Oculi
628 1854 760 1938 tigridis
784 1856 896 1938 sunt,''
920 1877 964 1924 ex
992 1855 1104 1924 arruno
1133 1876 1315 1938 persuasus
1348 1877 1400 1926 re·

399 1953 527 2038 spondi.

484 2051 696 2138 “Enimvero
718 2054 801 2124 dum
826 2055 889 2124 iste
913 2076 975 2124 nos
989 2076 1032 2124 ex
1046 2055 1233 2124 extrinseco
1255 2056 1405 2139 specule-

402 2160 472 2236 tur,
486 2153 565 2225 usui
579 2153 673 2223 haud
688 2155 753 2224 erit
774 2175 859 2237 opus
883 2162 1040 2224 nostrum
1064 2154 1231 2238 prosequi.
1267 2155 1357 2225 Nam
1379 2156 1406 2226 si

402 2254 505 2324 etiam
520 2254 673 2324 forulum
688 2254 860 2324 occultum
874 2255 1108 2338 reperiremus,
1122 2255 1241 2324 eodem
1250 2255 1325 2325 fere
1336 2277 1406 2326 mo-

401 2360 517 2423 mento
531 2360 678 2436 uterque
692 2361 848 2424 nostrum
863 2355 1083 2424 moreretur.''

485 2451 608 2523 “Aisne
623 2454 698 2524 fore
713 2461 755 2523 ut
769 2453 832 2524 iste
847 2476 910 2524 nos
924 2454 1095 2525 occisurus
1109 2454 1242 2525 essetl”

485 2551 632 2623 “Eodem
648 2560 819 2623 momento
833 2575 895 2623 nos
916 2553 1094 2623 trajiceret
1117 2553 1223 2638 Finge
1246 2555 1318 2637 tibi,
1343 2555 1405 2625 Le·

400 2660 480 2736 ster,
505 2660 636 2736 quanta
659 2653 725 2724 ista
750 2661 838 2722 esset
858 2653 1102 2724 constematiol
1139 2653 1245 2723 Parks
1269 2655 1404 2725 audiret

401 2752 487 2823 duos
501 2753 589 2822 ictus
603 2752 758 2836 sclopelli,
773 2753 927 2836 irrueret,
942 2775 1071 2836 nosque
1096 2752 1151 2823 hic
1176 2761 1329 2825 mortuos
1354 2776 1405 2824 re·

399 2853 534 2936 periret
550 2853 664 2935 Grady
676 2853 711 2922 in
726 2853 960 2924 convulsiones
975 2860 1208 2937 raperetur-
1222 2875 1261 2924 ac
1276 2876 1337 2938 per
1346 2854 1404 2924 ali-

400 2960 486 3036 quot
500 2953 571 3022 dies
586 2953 685 3022 ambo
700 2952 847 3023 celebres
861 2954 1043 3023 essemus.”

483 3051 577 3135 “Ego
591 3074 673 3122 vero
688 3051 917 3123 celebritatem
932 3053 997 3123 alio
1012 3053 1160 3136 quodam
1184 3053 1284 3124 modo
1310 3075 1402 3138 quae·

404 3152 507 3235 ram‚”
523 3153 663 3235 inquam
678 3151 848 3222 immotus
871 3151 1003 3236 “Equid
1017 3153 1081 3223 hac
1096 3153 1138 3224 de
1153 3175 1189 3223 re
1203 3161 1334 3224 statues
1343 3153 1380 3224 l'’

483 3267 631 3352 “Capere
646 3289 725 3338 eum
740 3269 944 3338 tentandum
966 3276 1069 3352 puto;
1091 3269 1183 3352 quod
1207 3270 1234 3340 si
1257 3269 1402 3340 efficere-

399 3389 533 3439 mus-
548 3375 624 3438 tum
639 3389 719 3437 sane
732 3368 1000 3438 celebraremur!
1032 3369 1079 3439 At
1093 3377 1244 3453 coeptum
1259 3369 1402 3440 eiusmo-

399 3469 432 3538 di
459 3474 511 3537 est
536 3467 633 3550 quasi
656 3467 862 3550 scorpionem
887 3489 1006 3550 capere
1028 3476 1223 3539 -certum
1238 3476 1326 3539 esset
1339 3491 1403 3539 nos

400 3567 642 3638 detrimentum
657 3567 794 3637 laturos.
816 3566 851 3638 Si
864 3567 919 3637 ille
933 3567 1104 3638 homullus
1117 3576 1179 3651 est,
1203 3590 1307 3653 quem
1329 3589 1401 3639 esse

398 3675 492 3753 puto,
504 3667 656 3737 omnium
664 3667 858 3737 mortalium
872 3667 927 3737 ille
938 3669 1083 3738 manime
1099 3669 1306 3752 periculosus
1319 3671 1402 3740 ost.”

482 3784 621 3854 Interim
636 3783 846 3866 superficiem
861 3805 950 3854 arcae
964 3785 1100 3868 palpare
1116 3785 1273 3868 perrexit.
1300 3786 1400 3867 Quod

397 3885 440 3954 ad
455 3906 510 3954 me
525 3883 657 3966 attinet,
670 3883 782 3954 nescio
794 3883 876 3967 quid
886 3905 954 3953 non
966 3891 1086 3967 pactus
1096 3907 1213 3968 essem,
1226 3885 1253 3955 si
1264 3885 1400 3956 eosdem

499 4101 523 4152 1.
540 4099 589 4152 Est
601 4099 664 4162 tela,
678 4115 759 4166 quam
771 4099 800 4152 in
812 4099 920 4153 sacculo
944 4099 1073 4166 gerimus,
1093 4100 1127 4153 ad
1149 4099 1338 4166 mungenduur
1357 4115 1403 4160 na,

401 4201 449 4238 um
463 4183 595 4238 adhibita.
