3554 5156
482 900 524 970 92
754 917 964 1012 ursmmrm
984 919 1093 977 mem
1114 915 1233 978 nourr

483 1084 659 1156 theorema
675 1092 775 1156 tuum
790 1087 873 1158 mihi
902 1089 1158 1162 concredideria.
1180 1091 1353 1161 Praeterea
1367 1096 1404 1160 et
1418 1112 1483 1174 ego

482 1185 590 1254 habeo
605 1207 715 1268 pauca
728 1187 790 1257 tibi
805 1210 885 1273 quae
899 1189 1065 1260 tradam.”

565 1284 696 1370 “Perge
712 1287 819 1371 igitur
830 1287 860 1357 !''
881 1289 999 1360 hortor
1013 1311 1104 1360 eum.

565 1403 779 1477 “Remulcale
793 1409 906 1490 paullo
921 1414 1002 1479 ante
1023 1430 1139 1479 meum
1155 1431 1197 1480 ex
1213 1407 1347 1480 officina
1361 1407 1481 1478 disces-

481 1525 558 1574 sum
573 1505 709 1576 Parisiis
724 1507 925 1592 accepimus.
958 1509 1072 1580 Herus
1085 1509 1140 1580 ille
1155 1509 1364 1592 Theophilus
1378 1507 1481 1578 d'Au·

481 1606 561 1675 relle
574 1605 695 1676 fidicen
711 1614 764 1677 est
779 1608 948 1680 Calfariae¹
964 1609 1150 1680 Parisiacae.
1166 1609 1239 1679 Hac
1254 1629 1397 1692 vespera
1411 1631 1481 1678 mo

479 1726 516 1773 re
532 1706 629 1775 solito
645 1707 715 1778 suis
728 1707 853 1778 fidibus
867 1709 999 1794 cecinit,
1024 1709 1098 1780 fieri
1123 1710 1240 1793 itaque
1262 1709 1356 1780 nullo
1380 1715 1480 1792 pacto

479 1812 591 1886 potest
605 1814 647 1876 ut
660 1807 733 1890 ipse
747 1808 895 1880 cadaver
908 1810 1019 1881 iaceat
1033 1811 1067 1880 in
1082 1809 1270 1881 conditorio
1295 1809 1370 1880 Neo
1394 1808 1481 1880 Ebo-

479 1905 557 1974 raci.
580 1907 734 1990 Insuper,
749 1917 879 1992 quanto
904 1910 969 1993 ipsi
995 1917 1127 1993 notum,
1152 1909 1268 1980 nullus
1292 1909 1479 1979 amicorum

478 2005 552 2074 eius
566 2006 601 2074 in
618 2007 777 2079 Amerina
790 2015 853 2078 est.
875 2009 1013 2093 Absque
1028 2009 1132 2080 dubio
1146 2031 1244 2094 posse
1258 2031 1339 2081 eum
1354 2029 1416 2092 per
1429 2009 1479 2079 ef·

478 2104 592 2188 figiem
606 2109 743 2191 mortui,
759 2108 836 2191 quis
850 2109 905 2180 ille
919 2109 1035 2193 fuerit,
1050 2110 1222 2180 declarare
1236 2130 1367 2193 censeo,
1381 2108 1479 2179 cuius

477 2208 652 2290 exemplar
666 2208 734 2278 iam
748 2207 815 2280 viae
828 2209 1069 2293 commisimus,
1090 2210 1150 2280 sed
1171 2231 1263 2280 nova
1277 2216 1359 2280 ante
1379 2229 1478 2280 senos

477 2312 539 2376 aut
553 2313 692 2378 octonos
707 2309 779 2380 dies
793 2310 967 2394 percipere
981 2311 1074 2382 haud
1096 2332 1286 2394 possumus
1323 2308 1390 2382 Sed
1412 2331 1477 2392 ego

477 2413 568 2476 recte
582 2407 769 2481 hariolatus
783 2431 860 2480 sum
875 2447 915 2457 -
930 2433 1055 2482 nomen
1071 2409 1217 2482 hominis
1230 2431 1299 2481 non
1311 2415 1364 2480 est
1374 2408 1479 2480 d’Au·

477 2507 588 2578 relle.”

559 2623 640 2697 “Ais
653 2633 694 2697 tu
709 2627 856 2712 effigiem
871 2629 946 2700 eius
960 2636 995 2700 te
1010 2629 1182 2702 haberer’

559 2725 708 2811 “Habeo,
724 2727 787 2800 hoc
803 2730 1057 2814 postmeridiem
1073 2730 1204 2812 aliquot
1216 2728 1291 2799 fieri
1306 2727 1398 2798 iussi.
1423 2727 1475 2797 En

475 2847 589 2895 unam.
611 2827 688 2898 'l'ibi
703 2850 837 2912 serves;
860 2829 1042 2913 aliquando
1056 2829 1135 2902 usui
1150 2829 1212 2901 tibi
1226 2851 1301 2900 esse
1317 2827 1475 2912 poterit.’'

558 2945 680 3028 Accepi
696 2947 875 3031 pagellam,
891 2955 927 3018 et
941 2955 983 3020 ut
996 2947 1197 3032 speculabar
1218 2948 1356 3018 vultum
1377 2945 1413 3015 in
1434 2965 1476 3016 ea

474 3044 645 3127 depictum
654 3047 740 3130 coepi
751 3047 939 3132 intelligere
953 3056 1054 3118 torva
1064 3049 1280 3130 lineamenta,
1292 3067 1371 3129 quae
1383 3053 1475 3129 post·

472 3145 648 3217 meridiem
662 3146 825 3232 videram,
839 3149 972 3220 nullum
987 3149 1071 3220 mihi
1085 3147 1271 3232 prebuisse
1281 3167 1403 3218 verum
1415 3145 1473 3216 ho

472 3245 573 3317 minis
586 3247 729 3331 eiusque
744 3251 902 3334 aspectus
911 3255 1123 3332 conceptum.
1136 3249 1238 3319 Nunc
1252 3248 1341 3318 oculi
1355 3247 1471 3328 clausi,

472 3345 745 3431 lineamentaque
758 3347 945 3432 composita
959 3355 1059 3420 erant
1072 3356 1177 3431 atque
1191 3346 1333 3432 placida,
1349 3367 1471 3417 verum

471 3445 575 3516 etiam
590 3447 665 3531 ipsa
676 3469 769 3519 mors
782 3447 877 3520 haud
890 3448 938 3520 illi
953 3448 1182 3520 commodavit
1210 3455 1341 3518 certam
1364 3445 1473 3530 digni-

470 3553 587 3617 tatem.
609 3547 735 3619 Vultus
749 3554 823 3620 erat
837 3549 984 3620 hominis
1005 3551 1091 3621 levis
1105 3556 1142 3620 et
1156 3549 1330 3630 licentiosi,
1350 3569 1472 3631 caupo

470 3669 593 3719 narum
607 3651 752 3733 asseclae,
767 3656 809 3720 ut
823 3649 932 3720 Parks
946 3649 1079 3722 dixerat
1098 3685 1133 3696 ·-
1151 3649 1333 3733 gyrovagi²
1347 3649 1473 3731 platea-

571 3886 595 3937 1.
612 3883 724 3950 Popinae
736 3884 765 3936 ln
777 3883 889 3938 urbibus
907 3885 1054 3951 Europaeis,
1078 3901 1132 3952 quo
1149 3884 1230 3938 otiosi
1253 3883 1370 3950 cyathos
1391 3883 1471 3936 calfre

469 3967 555 4034 nigrae
568 3973 616 4020 aut
630 3967 696 4021 flore
708 3967 789 4022 lactis
802 3973 960 4035 temperate
972 3968 1151 4031 sorbillatum,
1161 3969 1307 4028 tumetum,
1319 3968 1471 4034 diurnaque

469 4051 569 4104 lectum
587 4057 750 4106 commeant.

568 4137 593 4188 2.
614 4135 667 4198 Qui
680 4137 740 4188 sine
751 4135 871 4202 negotlo,
896 4135 1010 4202 prolude
1023 4135 1083 4189 sine
1094 4142 1170 4189 certo
1186 4140 1321 4202 proventu
1338 4150 1369 4187 ac
1387 4133 1471 4188 domi-

466 4219 531 4274 cllio
544 4219 604 4274 vrrs
616 4225 744 4287 pererrat,
756 4221 843 4274 vitam
855 4219 987 4274 incertam
1001 4235 1032 4275 ac
1045 4219 1218 4286 parasiticarn
1226 4219 1336 4272 ducena
