3500 5158
564 861 784 916 mansuum
805 861 1099 916 memmonicos
1294 846 1357 918 279

356 1049 571 1112 gennnarum
586 1028 790 1100 mirabilium
816 1029 851 1099 in
874 1037 1047 1114 postrema
1069 1030 1236 1114 congerie.
1258 1029 1358 1101 “Cro

355 1129 460 1199 chard
475 1129 537 1200 has
551 1152 570 1200 e
584 1130 806 1214 compagibus
820 1130 946 1200 avulsit
961 1166 1002 1175 -
1016 1131 1050 1200 id
1066 1131 1186 1200 evitari
1197 1130 1290 1201 haud
1300 1152 1358 1214 po

356 1235 456 1299 terat.
478 1228 668 1313 Compages
682 1229 773 1299 enim
787 1251 910 1299 aureas
924 1230 1140 1313 liquefacere,
1164 1251 1357 1314 aurumque

355 1328 506 1399 vendere
518 1330 618 1400 facile
633 1329 761 1412 potuit;
784 1330 843 1399 sed
858 1351 1073 1412 gemmarum
1087 1331 1198 1400 nullas
1222 1331 1258 1399 in
1283 1337 1356 1400 tota

355 1428 503 1512 Europa,
528 1450 590 1512 per
615 1429 806 1512 complures
830 1451 937 1498 annos
965 1430 996 1499 ei
1019 1430 1230 1500 venumdare
1252 1429 1357 1501 licuit.

356 1528 581 1613 Unaquaeque
596 1529 723 1599 etenim
738 1549 857 1598 earum
872 1537 972 1598 notas
992 1529 1138 1600 ferebat.
1147 1529 1277 1600 Verum
1292 1529 1357 1613 hic,

356 1628 391 1698 in
406 1628 573 1711 America,
587 1627 680 1699 haud
695 1627 826 1698 vivitur
840 1635 913 1698 tam
926 1629 1030 1700 arctis
1052 1629 1187 1712 legibus
1207 1637 1244 1699 et
1263 1629 1358 1700 insti-

356 1727 442 1798 tutis
466 1727 621 1810 lictoriis;
643 1734 770 1810 tamen,
792 1734 834 1797 ut
859 1728 986 1812 opinor,
1011 1729 1116 1799 etiam
1138 1729 1232 1799 hicce
1251 1735 1358 1799 terra-

356 1849 443 1911 rum,
457 1828 577 1898 saltem
592 1827 692 1898 istam
706 1849 811 1898 unam
828 1828 921 1898 haud
943 1829 1043 1899 facile
1066 1829 1277 1899 venumdare
1299 1851 1357 1914 po-

355 1928 509 2011 tuisset,”
540 1927 665 2012 quibus
687 1928 800 1997 verbis
822 1928 982 1998 ultimum
1008 1929 1108 1999 solvit
1130 1930 1357 2012 manipulum,

355 2028 448 2099 etad
461 2028 578 2098 lumen
592 2027 715 2097 extulit
730 2049 904 2097 rosaceum
919 2028 1145 2113 adamantem,
1157 2029 1216 2113 qui
1226 2029 1357 2114 magni·

354 2128 475 2198 tudine
489 2127 686 2212 iuglandem
700 2149 836 2210 aequare
852 2128 1042 2210 videbatur,
1057 2128 1353 2212 pulcherrimoque

355 2229 466 2299 colore
481 2227 694 2299 scintillabat

440 2327 619 2398 “Fortasse
632 2329 670 2397 in
684 2327 849 2412 Apollinis
869 2328 968 2412 Aula,
984 2329 1020 2397 in
1034 2329 1181 2414 Louvre,
1204 2331 1357 2414 aliquan·

355 2429 399 2499 do
414 2428 458 2499 ad
473 2428 678 2499 intuendum
693 2450 732 2498 ac
747 2427 941 2498 mirandum
962 2428 1181 2500 adamantem
1206 2431 1355 2500 Mazarin

354 2528 583 2612 constitistis‚”
597 2529 646 2598 ait
656 2528 761 2598 herus
772 2528 880 2612 Pigot.
892 2527 1009 2600 “Circa
1022 2528 1106 2600 illud
1127 2531 1354 2614 specularium

356 2631 557 2714 plerumque
573 2629 676 2699 turba
690 2635 921 2711 spectatorum
941 2637 1106 2714 moratur,
1121 2631 1164 2700 ad
1181 2652 1284 2714 quem
1298 2653 1356 2702 cu-

356 2729 573 2800 stodiendum
596 2729 749 2814 specialis
772 2731 981 2800 constitutus
994 2737 1047 2800 est
1061 2731 1248 2814 excubitor,
1264 2732 1356 2815 quod

356 2829 391 2899 id
405 2850 537 2899 merces
565 2830 690 2900 summi
719 2830 819 2912 pretii
849 2831 946 2900 celat.
978 2831 1025 2900 At
1048 2851 1168 2900 earum
1190 2831 1355 2902 mercium

356 2929 506 3000 Mazarin
530 2929 625 2999 nulla
650 2936 711 3012 est,
737 2929 899 3012 quoniam
923 2952 986 3000 nec
1010 2951 1051 3000 ea
1072 2951 1127 3000 res
1139 2931 1279 3002 adamas
1292 2938 1355 3015 est,

356 3030 440 3114 quin
455 3030 569 3115 potius
581 3051 676 3100 mera
690 3037 788 3113 pasta
802 3065 844 3075 —
856 3031 1108 3100 imitamentum
1123 3038 1175 3101 est
1190 3053 1232 3101 ex
1248 3039 1356 3115 pasta,

356 3130 454 3200 cuius
468 3129 675 3213 archetypus
686 3130 741 3199 hic
756 3129 894 3199 adamas
909 3136 969 3200 est
1003 3130 1218 3214 Caeteroquin
1232 3152 1287 3201 res
1299 3131 1357 3202 illa

355 3250 495 3313 prorsus
516 3230 622 3312 proba
637 3235 673 3299 et
686 3229 830 3299 honesta
853 3231 938 3313 est,''
962 3229 1121 3312 subdidit,
1146 3230 1357 3314 quandoqui-

357 3329 435 3400 dem
450 3328 566 3412 Grady
580 3351 659 3401 cum
674 3329 840 3399 derisione
855 3336 1035 3414 exceperat
1056 3329 1183 3399 audita.
1213 3329 1358 3400 “Paucis

355 3428 400 3500 ab
425 3429 504 3500 hinc
528 3429 626 3500 annis
650 3437 801 3500 rectores
824 3430 961 3499 Louvre
986 3430 1180 3513 pecuniario
1208 3431 1357 3513 egebant

356 3529 467 3601 fundo
482 3529 526 3600 ad
540 3551 648 3600 novas
662 3530 908 3615 praestinandas
923 3531 1057 3600 tabulas
1071 3530 1188 3615 pictas,
1203 3538 1238 3600 et
1252 3530 1296 3600 ad
1308 3554 1359 3601 re·

357 3629 533 3701 novandas
547 3629 716 3714 antiquas.
738 3630 859 3700 Visum
873 3630 936 3699 illis
951 3637 1003 3700 est
1030 3630 1211 3700 dementiae
1234 3630 1359 3701 similli-

356 3751 453 3800 mum
467 3751 541 3800 esse
556 3731 661 3799 trium
670 3729 1064 3800 millionumfrancorum
1074 3731 1225 3800 valorem
1235 3729 1272 3800 in
1281 3731 1357 3800 uni-

356 3853 397 3900 ca
409 3851 547 3914 gemma
571 3830 679 3901 veluti
703 3831 879 3913 captivum
904 3831 970 3900 illic
985 3830 1103 3913 teneri,
1129 3831 1212 3901 dum
1228 3831 1281 3901 sui
1296 3831 1358 3900 Mi·

356 3931 489 4002 chaeles
503 3930 638 4014 Angeli,
660 3930 704 4000 da
728 3931 847 4014 Vincii,
870 3937 974 4012 atque
988 3930 1114 4001 Murilli
1128 3930 1163 3999 in
1178 3930 1269 4000 diem
1283 3952 1358 4001 mu·

354 4037 529 4102 cescerent
536 4036 572 4101 et
580 4030 836 4100 conficerentur.
846 4031 1043 4113 Emptorem
1050 4030 1167 4113 itaque
1175 4052 1237 4115 pro
1246 4031 1356 4102 Maza-

357 4132 410 4202 rin
438 4131 684 4214 quaesiverunt,
712 4138 749 4200 et
776 4137 979 4214 repererunt
1008 4131 1218 4214 emptricem,
1247 4132 1356 4216 ipsam
