3502 5158
438 850 479 920 16
702 863 911 916 uvsramuu
932 861 1040 915 mera
1061 855 1178 916 aomo

437 1035 561 1160 locum:
576 1031 635 1101 ubi
650 1036 796 1100 mortem
810 1028 912 1099 nullis
937 1027 1084 1098 testibus
1105 1028 1167 1099 sibi
1193 1028 1378 1100 adsciscere
1401 1030 1437 1100 li-

438 1139 721 1315 ceret‘lQuantum
736 1229 900 1313 temporis
914 1229 1106 1300 intercessit
1120 1229 1211 1300 inter
1233 1229 1395 1300 nuntium
1417 1253 1438 1302 a

438 1332 557 1484 Parkvs'
575 1332 730 1413 allatum,
757 1337 985 1418 vestrumque
1014 1351 1094 1399 cum
1123 1329 1271 1402 Vantine
1301 1329 1437 1401 descen-

438 1454 1034 1600 sum²‘1)imidiumfortasseh0rae.”

522 1631 732 1714 Goldberger
746 1636 837 1700 nutu
853 1629 985 1712 probat.

522 1748 697 1819 “Citemus
712 1746 850 1830 Parks,”
866 1745 962 1816 iubet
977 1745 1041 1816 ille.

522 1849 633 1918 Pansa
645 1847 754 1930 igitur
768 1847 871 1916 ianua
886 1846 995 1916 Parks
1010 1846 1069 1930 qui
1084 1845 1120 1916 in
1133 1846 1251 1916 infimo
1262 1848 1374 1932 gradu
1390 1871 1439 1919 se·

438 1949 551 2031 debat,
568 1947 781 2018 inclamando
796 1946 969 2017 accersivi.

522 2065 691 2136 Conclave
706 2064 892 2134 irtrautem
907 2063 1016 2133 Parks
1030 2063 1239 2148 Goldberger
1261 2066 1438 2138 sollertiori

439 2187 522 2236 cura
536 2165 683 2236 intuitus
698 2171 767 2246 est;
788 2163 849 2234 sed
864 2162 968 2234 dubio
993 2163 1085 2234 circa
1110 2164 1219 2234 Parks
1243 2165 1337 2236 haud
1363 2175 1439 2238 erat

438 2267 530 2337 ullus
541 2268 645 2336 locus
667 2266 758 2335 Nam
772 2265 845 2348 ipse
858 2263 894 2332 in
910 2263 1057 2334 servitiis
1071 2263 1219 2334 Vantine
1230 2265 1334 2336 denos
1349 2275 1439 2338 octo-

438 2388 501 2437 nos
515 2373 576 2436 aut
591 2365 660 2435 iam
675 2372 837 2448 exegerat
846 2385 965 2446 annos,
981 2370 1085 2447 atque
1099 2364 1299 2437 indiciorum
1313 2369 1439 2438 caculae

438 2465 536 2550 probi
550 2487 591 2536 ac
605 2464 664 2536 fidi
679 2485 820 2548 prorsus
835 2471 909 2534 erat
931 2465 1062 2546 plenus.

522 2565 687 2636 “Nostine
712 2565 804 2634 hunc
829 2563 1044 2634 homineml”
1071 2564 1195 2646 quaerit
1219 2565 1438 2651 Goldberger,

438 2665 585 2736 cadaver
597 2673 701 2749 gestu
716 2664 880 2736 indicans
962 2745 964 2750 ¹

524 2781 624 2853 “Non
648 2782 740 2862 novi,
766 2780 887 2862 Here,”
912 2780 1095 2862 respondet
1109 2779 1227 2850 Parks.
1250 2782 1438 2866 Nunquam

438 2890 520 2954 ante
535 2881 669 2953 circiter
683 2901 789 2952 unam
804 2880 925 2950 horam
939 2900 1019 2949 eum
1033 2879 1106 2950 vidi
1119 2901 1223 2963 quam
1238 2881 1369 2965 Rogers
1382 2905 1438 2952 me

438 2983 575 3053 ediaeta
600 2981 838 3063 devocaverat,
863 2979 1010 3063 aliquem
1038 2980 1092 3049 hic
1119 3001 1193 3050 esse
1217 2982 1439 3064 significando

439 3082 497 3166 qui
510 3082 633 3152 herum
648 3081 799 3150 Vantine
814 3079 996 3149 convenire
1012 3080 1147 3149 vellet.”

522 3198 708 3283 “Quisnam
722 3205 775 3267 est
790 3197 963 3279 Rogers?”

521 3297 753 3381 “Pedisequus
765 3297 820 3366 ille
835 3303 898 3378 est,
913 3296 1013 3365 Here.
1030 3296 1090 3366 Ille
1105 3303 1157 3366 est
1172 3297 1232 3380 qui
1245 3297 1373 3368 tinnitu
1389 3321 1438 3368 os

438 3399 477 3469 tii
493 3406 655 3469 evocatus
668 3403 828 3480 apertum
841 3395 937 3466 ivit.”

523 3497 714 3583 “Quidnam
729 3505 805 3567 tum
821 3496 979 3567 evenit?”

521 3613 617 3699 “Ego
641 3615 810 3698 pagellam
835 3613 909 3683 eius
931 3613 1232 3683 nomenclatoriam
1257 3614 1300 3683 ad
1315 3614 1437 3685 herum

438 3716 587 3786 Vantine
600 3715 739 3786 detuli.”

522 3830 637 3901 “Num
651 3831 757 3902 herus
770 3831 921 3901 Vantine
935 3829 1033 3900 novit
1048 3829 1259 3901 hominem?”

438 3930 753 4101 tatus‘ffszq'mu
776 3930 875 4014 proin
888 3951 1028 4000 causam
1043 3929 1117 3999 eius
1132 3929 1303 4002 adventus
1329 3931 1438 4002 scisci-

526 4146 712 4227 “wam
727 4167 810 4230 ergo
826 4145 999 4230 proposito
1012 4146 1144 4216 venit?”
