3500 5158
582 901 678 956 nano
700 900 806 956 eruor
826 899 967 956 oavmu
989 899 1079 956 mus
1265 877 1329 947 257

413 1069 486 1140 “Ex
508 1091 586 1140 mea
610 1076 706 1152 parte
722 1069 835 1152 paullo
860 1075 941 1138 ante
956 1069 1067 1151 palam
1082 1064 1149 1136 feci
1164 1086 1219 1134 me
1234 1085 1328 1146 opor·

327 1178 456 1241 terent
472 1170 620 1254 primum
636 1177 712 1239 acta
727 1169 771 1239 ad
795 1169 990 1250 referrem?
1012 1165 1198 1236 assentitur
1218 1163 1328 1244 Pigot.

411 1286 522 1356 “Tum
544 1287 742 1356 secedamus
766 1285 889 1368 aliquo,
919 1285 1142 1366 bibamusque
1167 1278 1325 1363 aliquid,''

328 1388 482 1470 suggerit
494 1387 619 1470 Grady.

411 1502 508 1586 “Ego
522 1505 636 1586 vero,”
652 1503 736 1572 mite
751 1503 933 1585 respondet
948 1502 1057 1584 pigot,
1074 1497 1272 1582 “sperabam
1288 1495 1330 1564 si·

327 1627 371 1673 ne
386 1626 482 1673 mora
496 1625 560 1672 nos
574 1603 609 1672 in
624 1609 750 1672 terram
765 1603 995 1672 descensuros.
1010 1603 1097 1670 Acta
1111 1599 1200 1668 enim
1216 1619 1277 1680 pro
1293 1603 1328 1664 te

328 1705 436 1775 habeo
451 1710 571 1786 parata
587 1757 595 1772 .
612 1757 620 1772 .
637 1704 666 1772 .'’

421 1835 588 1919 “Placet''
613 1837 738 1920 excipit
763 1835 888 1918 Grady,
921 1833 1059 1918 “postea
1082 1841 1199 1903 autem
1223 1854 1327 1915 quam

328 1945 405 2007 acta
420 1959 622 2020 perspexero
638 1937 854 2005 Latamviam
869 1935 931 2004 tibi
947 1934 1134 2015 ostentabo,
1145 1941 1328 2014 tecumque

331 2038 482 2119 paciscar
505 2037 601 2106 nulla
626 2037 685 2106 tati
701 2058 738 2105 re
753 2035 898 2105 hilareos
919 2035 1064 2104 Parisios
1074 2033 1210 2116 gloriari
1221 2053 1327 2115 posse.

328 2137 430 2207 Cetox
444 2143 561 2206 nostra
575 2157 637 2205 nos
652 2137 877 2217 praestolatur,
886 2157 925 2204 ac
934 2135 1049 2204 statim
1064 2133 1177 2202 licebit
1188 2153 1250 2200 nos
1264 2132 1329 2200 dis-

328 2237 457 2308 cedere.
483 2237 603 2306 Tuane
626 2236 691 2305 ista
705 2236 810 2318 bulga
839 2235 915 2304 est?
948 2234 1069 2304 Itane?
1101 2230 1327 2316 Apprehende

329 2359 416 2420 eam,
431 2335 631 2418 Simmonds,
645 2336 770 2418 ferque
795 2335 940 2416 tecum,'’
955 2342 990 2403 et
1005 2335 1051 2403 sic
1067 2333 1180 2415 Grady
1194 2331 1328 2415 praeivit

328 2437 456 2521 gradus
469 2436 702 2505 descensurus.

412 2554 459 2623 At
488 2553 710 2623 mediastinus
738 2551 986 2622 attentissimus
1015 2550 1206 2620 Simmonds
1235 2557 1328 2618 ante-

329 2655 443 2724 vertit.
567 2677 574 2687 ·

413 2769 525 2841 Herus
540 2771 641 2852 Pigot
656 2770 722 2840 leni
738 2770 808 2840 n'su
824 2770 866 2839 ad
882 2791 944 2839 nos
958 2789 1152 2850 conversus,

413 2903 487 2973 “Ad
502 2903 686 2973 crastinum
702 2925 784 2986 ergo
799 2924 908 2986 usque
929 2902 1028 2983 diem,
1053 2900 1182 2982 amici‚”
1203 2899 1325 2982 inquit.

330 3003 481 3086 “Hospes
496 3026 553 3073 ero
568 3004 751 3073 Diversorii
762 3004 874 3084 dator,
899 3002 1110 3084 libenterque
1125 3001 1171 3069 ibi
1186 3021 1249 3068 vos
1271 3022 1327 3068 ex-

329 3105 450 3188 cipiam
465 3139 507 3148 -
522 3103 682 3184 dicamus,
698 3104 782 3172 hora
796 3103 998 3172 undecima?
1019 3102 1091 3170 Hac
1112 3121 1255 3182 vespera
1269 3121 1327 3168 vo-

329 3205 381 3274 bis
395 3226 450 3273 me
465 3203 547 3274 nihil
562 3203 744 3272 edisserere
760 3225 857 3285 posse
872 3224 993 3271 revera
1012 3223 1177 3284 perquam
1199 3199 1327 3269 doleo.''

412 3337 475 3408 His
499 3337 596 3407 dictis
618 3337 737 3406 aerario
762 3357 902 3406 manum
925 3336 1084 3419 porrexit,
1105 3356 1235 3417 nosque
1249 3333 1328 3404 sub·

329 3439 399 3507 lata
420 3459 525 3507 manu
547 3437 709 3519 salutans,
731 3458 766 3506 se
787 3437 916 3506 socium
937 3436 1051 3518 Grady
1072 3435 1237 3515 adiunxit,
1267 3433 1325 3516 qui

329 3537 412 3606 satis
440 3537 619 3620 impatiens
647 3536 710 3606 has
740 3536 954 3605 amoenitates
978 3535 1191 3604 observabat.
1228 3533 1327 3602 Deni-

330 3658 397 3720 que
418 3659 480 3719 per
499 3635 628 3719 gradus
657 3637 763 3706 oculis
791 3637 916 3706 nostris
937 3636 1080 3706 iunctim
1101 3657 1137 3705 se
1159 3633 1327 3704 subduxe-

329 3743 421 3806 runt.

413 3851 496 3936 “En,
511 3852 620 3935 amici,
636 3855 839 3937 exemplum,
863 3876 967 3937 quam
991 3854 1058 3922 sint
1071 3875 1182 3922 mores
1195 3859 1327 3921 contra·

330 3954 370 4022 rii
379 3953 408 4022 !’'
424 3953 552 4024 affatur
566 3975 629 4022 nos
643 3954 794 4037 Godfrey
803 3955 893 4024 circa
905 3976 942 4024 se
957 3953 1142 4038 dispiciens.
1154 3951 1253 4022 “Non
1265 3975 1327 4022 vos

330 4054 435 4138 pudet
450 4053 659 4124 Americae?”

413 4171 599 4241 Adstantes
613 4171 772 4254 riserunt,
787 4172 891 4256 probe
906 4172 997 4242 enim
1017 4171 1180 4242 tenebant
1195 4171 1267 4241 haec
1283 4171 1326 4240 ad
