3502 5158
663 887 799 942 uocaus
820 884 1063 940 enncmmun
1320 867 1362 938 69

366 1055 474 1138 perire
500 1075 607 1138 posse,
633 1052 825 1125 Sinunonds
847 1075 927 1124 curn
949 1053 1081 1124 caeteris
1094 1052 1131 1122 in
1146 1052 1298 1123 anticum
1312 1073 1363 1120 re-

365 1155 464 1228 cessit
478 1154 682 1226 cubiculum.
848 1169 851 1175 ’

447 1254 570 1325 “Nunc
583 1255 697 1338 vero,’'
719 1254 835 1339 Grady
848 1255 1017 1325 allocutus
1031 1254 1171 1336 Rogers
1183 1251 1363 1324 “caeteram

365 1354 505 1427 domum
519 1355 683 1426 vellemus
698 1355 904 1439 explorare.”
936 1354 1000 1425 Hic
1015 1354 1146 1424 interea
1159 1353 1194 1422 in
1209 1353 1290 1423 sella
1304 1353 1365 1423 ite·

365 1477 442 1526 rum
472 1462 615 1538 erectus,
644 1454 775 1538 sibique
805 1454 994 1537 restitutus,
1024 1452 1175 1524 sedebat.
1218 1451 1364 1524 Proinde

366 1549 483 1626 om'nes
497 1554 533 1625 hi
547 1554 612 1625 vin'
626 1555 727 1626 simul
740 1555 776 1625 in
791 1555 958 1625 ambitum
969 1552 1290 1637 prodiverunt.1pse
1300 1574 1365 1636 ego

366 1677 444 1726 cum
467 1655 604 1724 medicis
626 1654 770 1738 Hughes
794 1660 830 1724 et
859 1653 1142 1737 Freylinghuisen
1163 1651 1200 1721 in
1214 1651 1366 1722 conclavi

365 1755 544 1838 permansi.
566 1754 610 1824 Hi
625 1754 694 1824 duo
708 1753 844 1824 interim
858 1754 1005 1824 cadaver
1024 1752 1259 1834 sublevarunt,
1280 1751 1366 1827 etin

365 1857 548 1938 grabatum
572 1854 789 1936 collocarunt,
811 1874 902 1924 navo
926 1859 962 1922 et
983 1851 1183 1922 accuratiori
1208 1851 1366 1922 instituto

366 1954 529 2024 examine.
541 1953 615 2036 Ego
626 1953 727 2024 corde
737 1954 837 2038 gravi
848 1952 983 2024 consedi
998 1973 1124 2036 eosque
1136 1951 1369 2022 consultantes

367 2053 554 2124 observavi.

449 2153 611 2224 Ludibrio
633 2155 785 2224 fortunae
809 2152 1068 2224 attribuendum
1091 2151 1212 2235 putavi
1235 2157 1277 2221 ut
1290 2150 1367 2220 Phi·

367 2253 478 2337 lippus
505 2253 653 2324 Vantiue
678 2254 818 2324 victima
843 2259 1034 2324 moreretur
1057 2251 1187 2322 ardoris
1209 2250 1262 2321 sui
1286 2271 1369 2334 erga

367 2353 429 2423 has
442 2375 496 2424 res
510 2353 696 2437 flagrantis,
711 2375 730 2424 e
745 2353 870 2438 quibus
884 2359 1018 2424 tantam
1033 2351 1137 2423 animi
1152 2351 1366 2434 voluptatem

367 2453 537 2537 percipere
551 2453 695 2535 solebat;
718 2459 884 2523 ettamen
910 2453 998 2523 banc
1021 2451 1130 2522 fuisse
1152 2472 1271 2520 veram
1295 2471 1368 2521 suae

368 2553 485 2624 mortis
498 2573 636 2624 causam
649 2552 732 2622 mihi
748 2553 873 2624 sensim
888 2553 1092 2637 persuadere
1108 2551 1205 2635 coepi.
1231 2551 1369 2634 Negan-

368 2651 449 2724 dum
474 2653 611 2736 quidem
637 2660 804 2723 nouerat
828 2653 943 2725 varios
965 2652 1121 2724 incidisse
1146 2657 1293 2722 eventus
1307 2650 1368 2734 qui

367 2752 446 2823 huic
461 2752 640 2836 conceptui
654 2774 694 2822 ac
708 2753 850 2824 theoriae
870 2773 1063 2836 repugnare
1086 2750 1296 2833 viderentur,
1319 2757 1370 2820 at·

368 2873 433 2936 que
455 2852 587 2922 theoria
609 2854 684 2936 ipsa
708 2874 806 2938 paene
828 2853 972 2923 efferata
997 2858 1034 2922 et
1056 2851 1205 2922 absurda
1228 2849 1370 2920 iudicari

368 2959 498 3036 posset;
520 2959 637 3022 tamen
652 2975 693 3023 ea
707 2976 770 3024 ceu
785 2953 902 3025 radius
916 2953 1054 3022 luminis
1066 2951 1257 3022 claritatem
1270 2950 1306 3020 in
1321 2957 1369 3020 te·

367 3052 480 3123 nebris
495 3051 686 3123 diffundere
701 3054 777 3137 quis
791 3053 995 3137 negaverit?
1016 3053 1113 3122 Hanc
1128 3049 1369 3135 cogitationem

368 3152 401 3222 in
417 3151 530 3222 animo
544 3173 620 3223 meo
634 3153 760 3224 iterum
775 3153 970 3237 iterumque
993 3150 1196 3222 revolvitavi
1209 3171 1250 3220 eo
1265 3149 1371 3220 consi-

368 3251 411 3322 lio
425 3259 467 3323 ut
481 3259 627 3323 eventus
641 3253 708 3325 diei
733 3253 768 3323 in
794 3253 1008 3325 concordiam
1030 3251 1243 3323 conciliarem
1264 3251 1371 3319 -ta-

368 3359 442 3424 teor
456 3360 572 3423 tamen
587 3353 680 3424 haud
694 3375 774 3425 cum
787 3355 959 3425 uberrimo
973 3354 1101 3423 fructu.
1132 3350 1287 3433 Denique
1301 3371 1371 3419 vox

369 3452 650 3536 Freylinghuisen
664 3475 719 3524 me
734 3476 753 3524 e
768 3455 907 3525 somniis
920 3453 1005 3524 meis
1019 3451 1186 3522 evocavit.

452 3551 626 3637 “Uterque
641 3554 771 3638 casus,’'
785 3554 907 3637 inquit,
923 3551 1082 3637 “prorsus
1095 3557 1148 3620 est
1159 3550 1258 3620 idem.
1281 3547 1370 3618 Indi·

368 3653 420 3723 cia
433 3653 570 3723 omnino
584 3661 666 3724 suut
681 3654 810 3725 eadem.
833 3654 935 3724 Certo
950 3652 1017 3724 scio
1040 3653 1202 3722 futurum
1216 3655 1258 3718 ut
1273 3669 1370 3732 para·

369 3753 455 3836 lysin
468 3753 579 3825 cordis
592 3753 818 3838 medullaeque
832 3755 939 3839 spinae
953 3751 1044 3823 dorsi
1069 3751 1133 3821 hoc
1159 3750 1195 3819 in
1216 3769 1298 3818 casu
1319 3769 1371 3818 re·

369 3853 499 3938 perturi
514 3853 629 3937 simus,
645 3862 686 3925 ut
699 3855 735 3925 in
748 3855 857 3925 altero
871 3853 1067 3938 reperimus
1082 3851 1237 3933 Uterque
1251 3847 1370 3919 eodem

369 3974 502 4025 veneno
516 3961 569 4024 est
581 3955 785 4025 extinctus.”

453 4052 630 4125 “Vellesne
643 4055 733 4125 circa
746 4062 907 4126 naturam
921 4052 1045 4124 veneni
1070 4050 1263 4135 opinionem
1286 4047 1372 4133 peri·

369 4153 477 4226 clitari
485 4153 522 4225 t’
536 4155 666 4240 collega
680 4155 825 4238 Hughes
839 4155 1026 4240 quaerebat.
