3500 5158
411 906 477 976 262
677 923 886 977 nuscanum
907 923 1014 977 rnen
1035 916 1154 978 nomn

496 1089 622 1172 “Heus,
638 1090 788 1174 Lester,’'
803 1092 932 1162 affatur
947 1113 1001 1161 me
1025 1090 1215 1162 Simmonds
1228 1111 1312 1160 voce
1333 1111 1412 1174 quae

412 1191 554 1260 innuere
570 1191 751 1261 videbatur
765 1193 928 1262 ellectum
952 1192 1186 1262 celebrationis
1207 1191 1412 1274 vespertinae

413 1313 457 1360 ne
474 1313 553 1360 eum
568 1290 705 1374 quidem
721 1313 860 1374 prorsus
885 1293 1065 1374 effugisse
1087 1292 1170 1374 quin
1186 1299 1220 1361 et
1235 1291 1350 1374 Grady
1364 1290 1413 1359 di-

412 1397 541 1472 gnatus
554 1399 606 1460 est
620 1397 710 1460 nutu
725 1393 844 1474 capitis
857 1414 913 1462 me
927 1413 1120 1475 agnoscere,
1136 1390 1228 1461 unde
1254 1391 1411 1473 colligere

410 1491 491 1559 mihi
508 1490 630 1560 licebat
643 1511 722 1560 eum
738 1499 862 1574 praeter
876 1513 1006 1561 morem
1017 1499 1216 1561 contentum
1224 1513 1264 1561 ac
1272 1491 1411 1561 beatum

411 1613 447 1660 se
462 1591 598 1660 sentire.

495 1689 620 1770 “Heus,
636 1691 856 1774 Simmonds‚”
874 1691 1002 1762 reddidi
1017 1693 1049 1761 ei
1064 1692 1218 1774 salutem,
1240 1712 1348 1774 quum
1367 1691 1410 1760 ad

413 1811 477 1872 me,
490 1793 554 1859 iter
568 1813 654 1873 pone
664 1813 721 1861 eos
732 1792 938 1861 occidentem
948 1813 1069 1862 versus
1079 1799 1351 1875 prosequentem,
1362 1811 1412 1860 re·

411 1911 557 1972 gressus,
573 1912 707 1960 mecum
722 1892 794 1973 pari
809 1913 910 1974 passu
927 1895 1013 1960 itare
1027 1892 1138 1974 coepit.

496 1989 656 2072 “Piggott
672 2013 793 2061 verum
808 1991 1001 2074 prodigium
1016 1992 1099 2074 est,’'
1114 1991 1224 2074 inquit
1239 1991 1303 2060 ille.
1326 1989 1411 2060 “Ve-

411 2112 471 2159 rus
486 2090 588 2158 ludio¹
599 2098 770 2160 -cuncta
786 2092 911 2173 videre,
927 2099 1051 2162 cuncta
1066 2092 1247 2174 degustare
1263 2091 1408 2161 volebat.

410 2190 555 2259 Parisios
569 2211 646 2259 cum
660 2191 723 2259 hac
738 2190 824 2260 urbe
839 2191 873 2259 in
889 2191 1008 2260 eodem
1033 2192 1105 2260 loco
1126 2191 1319 2260 habendam
1339 2212 1408 2260 non

410 2312 483 2358 esse
498 2291 661 2359 censuit.”

494 2405 674 2485 “Quonam
689 2428 781 2475 nunc
795 2407 894 2476 itis?”
911 2429 1027 2490 quaero
1041 2428 1116 2489 ego.

493 2505 614 2575 “Modo
628 2506 672 2575 ad
687 2507 867 2577 stationem
883 2508 1029 2577 deeuriae
1043 2509 1178 2577 itamus.
1205 2507 1346 2590 Piggott
1360 2508 1408 2577 ait

409 2629 445 2674 se
460 2607 585 2688 aliquid
612 2607 702 2689 apud
731 2629 766 2675 se
791 2609 910 2689 celare,
936 2608 1027 2691 quod
1048 2629 1111 2676 nos
1137 2630 1254 2678 omnes
1269 2617 1408 2692 stupore

409 2708 568 2790 percellat
584 2743 624 2752 —
639 2707 767 2789 aliquid
782 2714 863 2792 aget
878 2707 966 2777 circa
982 2729 1096 2777 arcam
1110 2707 1233 2778 illam.''

492 2805 607 2876 “Circa
621 2807 713 2876 illam
727 2829 841 2876 arcam
850 2807 887 2876 ἶν’

492 2923 574 3004 “lta,
589 2945 670 2992 sane
685 2959 726 2968 -
747 2923 836 2993 illam
860 2924 984 2994 scilicet
1007 2947 1079 2995 rem
1103 2924 1280 3008 fulgidam,
1303 2947 1406 3008 quam

410 3023 560 3104 Godfrey
574 3024 737 3093 suadente
754 3024 787 3092 in
803 3025 921 3093 cellam
936 3026 1173 3095 occluseram.’'

492 3122 733 3206 “Simmonds,''
749 3146 865 3206 quaero
880 3125 923 3193 ab
946 3147 986 3193 eo
1002 3125 1098 3208 serio,
1114 3124 1240 3194 “scitne
1256 3125 1406 3209 Godfrey

407 3224 593 3307 quidquam
608 3224 650 3293 de
665 3245 705 3292 ea
721 3246 758 3293 re
766 3224 817 3292 ?''·

490 3340 544 3409 “N
545 3340 657 3422 escit,”
674 3341 854 3423 respondet
868 3341 1059 3411 Simmonds
1079 3363 1148 3411 non
1163 3341 1234 3411 sine
1249 3343 1406 3412 sollicitu-

407 3440 494 3510 dine.
517 3440 653 3509 “Monui
671 3440 786 3522 Grady
796 3442 989 3511 consultum
1003 3442 1078 3510 fore
1094 3447 1134 3510 ut
1157 3442 1212 3510 ille
1237 3464 1299 3526 per
1325 3443 1405 3513 tele-

407 3541 559 3624 phonum
575 3541 788 3623 invitaretur,
804 3540 863 3610 sed
878 3542 1063 3624 praefectus
1078 3541 1269 3624 excanduit,
1281 3565 1405 3626 meque

511 3795 533 3845 1.
552 3790 658 3854 Ludio,
677 3791 749 3844 mus:
763 3793 869 3857 proprie
894 3793 1001 3854 mimus,
1014 3797 1090 3845 actor
1106 3793 1250 3854 scoenicus,
1264 3809 1346 3845 sensu
1358 3793 1406 3846 Ro·

406 3892 501 3934 mano:
520 3876 565 3926 sed
579 3889 663 3936 quum
677 3881 704 3926 et
716 3875 763 3926 alii
776 3875 841 3934 ludi,
853 3876 1003 3940 prasertim
1015 3876 1066 3927 hac
1080 3881 1173 3928 nostra
1187 3881 1356 3941 tempestate,
1375 3877 1403 3928 in

407 3976 457 4011 usu
471 3960 534 4018 sint,
549 3965 576 4009 et
586 3973 669 4020 quum
684 3958 806 4022 plerique
819 3959 943 4010 homines
952 3959 1021 4010 nihil
1029 3958 1102 4010 aliud
1113 3960 1140 4010 in
1155 3959 1214 4011 vita
1225 3965 1310 4023 agant
1321 3973 1404 4022 quam

405 4044 509 4100 ludant,
523 4047 550 4092 et
564 4042 610 4092 vix
622 4042 773 4103 quidquam
783 4043 852 4093 serio
866 4048 971 4106 agatur,
986 4040 1119 4093 ludiones
1137 4043 1185 4105 qui
1199 4042 1270 4107 pilis,
1284 4043 1404 4120 follibus.

404 4125 490 4187 equis,
503 4124 625 4184 theatris,
639 4125 758 4176 vorando
783 4141 814 4176 uc
839 4124 959 4189 potando
985 4126 1130 4190 pretiosam
1142 4131 1170 4178 et
1183 4125 1291 4178 unicam
1318 4127 1404 4179 vitam

407 4213 574 4276 percurrant,
586 4208 684 4259 merito
696 4208 912 4273 appellabuntur.
