3500 5158
407 840 471 911 250
657 855 860 910 nuscanum
876 856 982 910 xncn
999 849 1115 910 nouus

409 1025 447 1093 ri.
464 1023 589 1094 “Hem!
611 1046 711 1094 cerne
726 1024 817 1094 illam
843 1024 1034 1094 naviculam
1045 1024 1073 1092 !''
1106 1022 1218 1105 pergit
1241 1021 1306 1104 ille,
1332 1041 1409 1090 con-

410 1133 525 1208 specta
548 1125 696 1208 quadam
722 1126 841 1206 celoce,
868 1125 903 1192 in
926 1125 1002 1194 sinu
1026 1123 1183 1192 deorsum
1212 1122 1408 1202 festinante,

409 1247 538 1308 nosque
554 1225 763 1308 pedetentim
778 1232 990 1308 assequente,
1014 1247 1053 1293 ac
1077 1224 1200 1294 sensim
1216 1228 1408 1304 superante.

410 1323 513 1394 “Haec
527 1333 618 1394 certe
634 1325 731 1394 novit
746 1347 824 1407 quae
838 1324 1022 1395 celeritudo
1037 1325 1089 1394 sit.
1102 1325 1171 1393 lsta
1185 1324 1278 1393 celox
1293 1329 1410 1391 nostra

410 1425 502 1494 haud
525 1425 626 1494 limax
650 1432 712 1506 est,
736 1430 777 1494 ut
799 1425 907 1507 nosti;
930 1433 966 1494 at
989 1424 1128 1494 videsis
1152 1445 1255 1507 quam
1277 1423 1333 1491 illa
1347 1441 1409 1488 nos

413 1531 606 1607 praetereat.
628 1525 733 1594 Miror
758 1525 880 1607 oppido
907 1545 1065 1607 quaenam
1091 1525 1147 1593 illa
1170 1524 1223 1594 sit.
1247 1524 1332 1603 Quae
1353 1521 1410 1590 illa

412 1631 464 1694 est
492 1625 659 1708 navicula,
689 1625 860 1695 navarche
873 1627 905 1687 ?'’
942 1625 1102 1694 inclamat
1137 1624 1341 1708 praefectum
1374 1620 1409 1690 in

412 1733 525 1807 ponte.

495 1841 594 1911 “Non
609 1842 689 1911 novi
706 1862 793 1922 eam,
810 1841 857 1910 mi
872 1841 992 1924 Here,’'
1008 1842 1182 1924 respondit
1207 1842 1409 1922 navarchus,

412 1943 590 2025 telescopio
606 1943 760 2025 seposito.
777 1941 899 2010 “Celox
913 1942 1047 2024 privata
1073 1978 1114 1986 -
1137 1964 1262 2012 nomen
1285 1964 1353 2011 non
1375 1942 1411 2011 li-

412 2050 496 2124 quet
510 2079 551 2087 —
566 2065 677 2126 genus
691 2042 852 2125 aplustris
866 2043 976 2124 operit
991 2043 1144 2125 puppim.
1160 2042 1329 2112 Vexillum
1341 2043 1411 2110 fert

413 2143 622 2212 Francicum.
645 2144 677 2211 A
692 2151 791 2224 tergo
805 2142 901 2210 nobis
916 2149 1049 2211 caeterae
1065 2141 1231 2212 naviculae
1244 2143 1338 2225 preli¹
1355 2164 1411 2210 ve·

413 2243 575 2324 huntur,”
591 2243 639 2312 ait
652 2242 855 2312 navarchus.
878 2240 1013 2324 “Atque
1034 2243 1099 2312 illic
1120 2249 1188 2311 stat
1203 2246 1257 2311 Lo
1271 2243 1405 2322 Soooie,

412 2342 484 2412 sive
499 2341 542 2410 ad
557 2341 788 2412 moratoriam²
802 2341 1022 2410 lentescens.''

496 2459 525 2527 E
549 2461 733 2543 longinquo
759 2458 841 2527 satis
866 2459 955 2527 clare
980 2458 1122 2528 discemi
1144 2465 1278 2544 poterat
1291 2458 1412 2542 ingens

412 2567 530 2628 cortex
543 2559 734 2629 classiariae³
749 2558 784 2626 in
799 2557 973 2627 horizonte
1000 2559 1248 2642 tenebricantis,
1264 2580 1343 2630 cum
1359 2582 1412 2629 or·

413 2661 548 2730 dinibus
562 2661 732 2730 luminum
748 2663 979 2732 emicantium.

497 2758 618 2830 “Haud
635 2761 716 2830 satis
740 2763 887 2832 solemus
913 2761 1101 2844 intelligere
1126 2782 1229 2844 quam
1256 2761 1412 2842 ingentes

413 2863 468 2930 hae
493 2883 598 2930 naves
623 2861 700 2942 sint,
727 2862 834 2932 donec
859 2884 958 2932 ease
986 2861 1162 2944 superficie
1184 2882 1284 2944 aquae
1298 2883 1413 2931 cerna·

414 2963 522 3044 mus,'’
539 2969 621 3030 noto
636 2983 709 3043 ego.
732 2961 946 3032 “Cemedum
962 2983 1064 3044 quam
1082 2962 1240 3030 immanis
1261 2961 1317 3030 illa
1337 2961 1411 3030 sit.”

498 3076 563 3147 “Et
577 3085 693 3147 tamen
709 3078 774 3147 ista
789 3101 857 3147 non
872 3085 924 3148 est
949 3101 969 3147 e
992 3078 1149 3148 maximis
1172 3077 1341 3160 quidem,'’
1363 3099 1414 3146 re·

414 3180 484 3248 fert
514 3177 676 3260 Godfrey.
713 3176 846 3248 “Unam
873 3201 893 3248 e
918 3179 1076 3248 maximis
1101 3178 1214 3248 subire
1239 3213 1282 3223 —
1305 3177 1413 3247 veluti

516 3396 538 3447 1.
556 3393 687 3458 Pratum
703 3395 736 3459 -ί,
754 3411 835 3448 sensu
861 3396 967 3462 proprio
979 3411 1011 3448 ac
1022 3395 1110 3462 primo
1124 3401 1166 3448 est
1176 3396 1297 3448 torcular
1310 3395 1344 3448 ad
1356 3410 1414 3461 pre-

413 3479 549 3540 mendum,
561 3493 616 3542 quo
630 3480 805 3545 exprimimus
818 3495 928 3532 succum
939 3481 1102 3545 plantarum,
1116 3479 1157 3532 uti
1169 3494 1238 3540 uvae,
1251 3480 1339 3539 olivae,
1353 3493 1414 3530 can·

414 3579 525 3624 narum;
543 3562 635 3616 latiori
647 3578 729 3615 sensu
754 3562 859 3629 prelum
884 3563 1123 3629 typographorum,
1146 3561 1265 3625 deniuqe
1284 3562 1415 3628 producta

414 3646 612 3712 typographiae,
624 3647 774 3711 presertim
787 3646 892 3699 diurna.
909 3646 1041 3698 ldiomata
1050 3645 1179 3698 moderna
1188 3645 1323 3712 pleraque,
1330 3661 1414 3712 quum

414 3730 522 3796 proprio
535 3729 667 3783 vocabulo
681 3735 799 3790 careant,
812 3729 991 3796 Participium
1004 3727 1141 3782 Praeteriti
1154 3729 1230 3782 verbi
1243 3729 1335 3781 Latini
1346 3743 1413 3796 pra-

414 3828 462 3865 mo
476 3812 618 3879 (pressos,
634 3828 674 3875 -a,
692 3811 766 3878 -uml
778 3820 918 3878 usurpant.

515 3898 540 3949 2.
558 3895 734 3959 Moraton'o,
757 3911 804 3948 -ae:
818 3897 932 3949 subaudi
944 3895 1043 3958 statio,
1068 3895 1115 3948 ubi
1136 3895 1234 3948 medici
1246 3895 1359 3949 officiosi
1372 3912 1417 3948 ve·

415 3986 504 4033 etores
516 3979 545 4030 in
557 3979 744 4031 valetudinem
756 3995 848 4032 eorum
860 3979 1033 4042 inquirentes
1046 3978 1139 4030 navim
1151 3976 1354 4032 demorantur.

514 4065 539 4115 3.
560 4063 621 4115 Νοιι
635 4070 744 4116 tanturn
757 4063 872 4124 bellicae,
884 4063 932 4116 sed
946 4063 1029 4116 etiam
1046 4062 1215 4116 mercatoria
1232 4079 1317 4117 naves
1329 4063 1416 4118 cuius

414 4163 468 4216 que
478 4146 610 4200 consortii
622 4145 728 4200 classa
741 4147 921 4214 appellantur.
1316 4147 1321 4154 '
