3536 5156
629 841 699 898 noo
715 841 761 896 nr
775 842 873 898 unca
888 841 1105 900 snrnnsuun
1300 823 1364 897 197

357 1009 594 1179 ξίιιΙοΙιεπὶῐηῒ
617 1009 827 1094 Reperistine
850 1032 1107 1094 monogramma
1130 1010 1297 1080 Matronae
1318 1009 1361 1080 de

393 1117 558 1194 ontespan
570 1110 603 1179 .'’

440 1225 539 1296 “Non
554 1227 751 1310 reperimus.
779 1227 891 1298 Herus
913 1229 1052 1312 quidem
1075 1227 1222 1299 Vantine
1247 1225 1361 1298 existi-

355 1327 472 1397 mabat
486 1327 519 1397 id
536 1327 658 1397 alicubi
680 1327 892 1411 delitescere;
922 1350 987 1413 ego
1010 1336 1126 1398 tamen
1149 1335 1185 1398 et
1207 1327 1359 1411 Godrrey

353 1448 422 1498 non
437 1427 688 1510 quaesivimus.”

437 1543 523 1614 Dein
538 1544 642 1614 herus
664 1545 816 1615 Armand
840 1545 958 1629 pandit
978 1545 1098 1616 valvas
1121 1565 1200 1628 quae
1225 1545 1357 1616 forulos

356 1643 486 1714 medios
499 1645 672 1728 tegebant.

405 1760 544 1831 “Ecce!”
553 1762 611 1846 ait,
623 1762 705 1832 dum
715 1762 829 1846 digitis
837 1763 1021 1846 musivum,
1030 1765 1124 1833 recta
1133 1762 1197 1833 sub
1205 1761 1355 1846 fastigio,

352 1862 581 1946 percurrebat,
608 1861 706 1932 “vide
732 1863 777 1932 sis
801 1885 905 1946 quam
927 1863 1010 1933 scite
1033 1863 1126 1933 istud
1147 1863 1353 1946 permixtum

351 1961 395 2030 sit
417 1984 497 2032 cum
510 1963 641 2032 caeteris
655 1963 786 2046 figuris.
808 1963 923 2046 Atque
938 1963 1012 2033 istic
1035 1969 1088 2033 est
1109 1963 1276 2033 emblema
1297 1962 1354 2032 do·

350 2062 494 2132 nantis.”
528 2062 658 2132 Dehinc
679 2062 928 2132 demonstravit
953 2063 1113 2146 pusillum
1137 2083 1281 2132 aureum
1302 2083 1353 2132 so-

349 2163 425 2244 lem,
447 2161 549 2233 radiis
563 2162 607 2232 ad
621 2162 772 2233 fundum
787 2163 918 2246 fastigii
934 2162 1223 2247 procurrentibus,
1238 2163 1352 2245 paullo

349 2283 453 2345 supra
465 2284 739 2345 monogramma:
767 2262 865 2334 “Rex
880 2266 982 2334 Sol.”

437 2378 533 2450 “Rex
549 2382 649 2461 Sol,’'
667 2380 811 2463 repetivi
826 2402 900 2463 ego.
932 2379 1054 2450 “Stulti
1078 2401 1141 2450 nos
1162 2379 1295 2449 fuimus
1314 2377 1349 2448 id

348 2501 415 2548 non
430 2480 718 2550 animadvertisse.
741 2479 813 2549 Hoc
829 2486 937 2549 totam
958 2479 1071 2563 prodit
1093 2479 1268 2549 historiam
1289 2479 1349 2562 rei,

346 2601 458 2648 nonne
472 2579 544 2649 ita?
560 2579 649 2660 Quid
663 2579 712 2649 rei
726 2586 788 2664 est,
803 2579 952 2650 Parks?”
975 2579 1123 2650 sciscitor
1138 2579 1182 2649 ab
1197 2601 1247 2662 eo,
1261 2579 1297 2649 in
1311 2579 1350 2648 li·

347 2679 438 2749 mine
451 2680 618 2750 adstante.

430 2796 739 2881 “Petoritum1prae
754 2798 840 2867 ostio
854 2797 976 2881 adstat,
991 2797 1038 2866 mi
1064 2797 1187 2881 Here,''
1211 2817 1348 2880 respon·

346 2896 397 2966 dit
413 2897 477 2981 ille,
494 2896 652 2980 “binique
667 2897 810 2980 operarii
825 2898 952 2980 aliquid
966 2897 1182 2982 supellectilis
1206 2919 1346 2968 evasare

346 2997 556 3082 inceperunt.
579 2998 749 3067 Ratumne
765 3005 827 3080 est,
843 2998 935 3068 Here
943 2998 981 3068 ?’'

428 3113 510 3184 “Est
525 3115 670 3198 ratum,”
686 3115 852 3198 respondi.
885 3114 975 3184 “Fac
987 3121 1028 3185 ut
1042 3114 1077 3184 id
1092 3113 1159 3184 huc
1184 3115 1345 3185 inferant.

344 3214 474 3284 Deinde
488 3214 617 3284 advoca
631 3214 676 3284 sis
691 3217 894 3298 praefectum
909 3215 1101 3298 inventarii,
1127 3215 1245 3298 paucis
1265 3235 1345 3284 eum
1465 3297 1470 3307 ἱ

345 3315 431 3384 volo.
454 3316 568 3384 Herus
583 3316 732 3386 Vantine
747 3337 845 3385 suam
861 3336 976 3384 rerum
1000 3316 1247 3384 artefactarum
1269 3335 1345 3383 con·

343 3415 473 3497 geriem
488 3415 748 3498 Metropolitano
762 3415 898 3485 Artium
922 3416 1042 3485 Museo
1066 3421 1270 3484 testamento
1291 3435 1344 3483 re-

343 3514 473 3597 liquit,''
487 3515 696 3599 explicabam
717 3515 884 3585 rationem
906 3515 1054 3586 instituti
1082 3515 1150 3584 mei
1175 3513 1257 3584 hero
1283 3513 1345 3583 Ar-

342 3614 455 3698 mand,
474 3613 610 3697 “itaque
626 3637 764 3698 aequum
779 3615 926 3686 arbitror
946 3615 1038 3687 vices
1052 3614 1162 3685 Musei
1182 3619 1343 3698 agentem

342 3714 422 3785 huic
437 3714 638 3785 emutationi
655 3714 849 3788 interesse.''

443 3969 467 4019 1.
478 3964 653 4029 Potor-itum,
669 3965 702 4029 -i,
719 3972 761 4020 est
772 3983 859 4033 genus
880 3965 1008 4027 vehiculi,
1029 3979 1124 4018 currus
1142 3963 1259 4031 gravior,
1276 3967 1345 4016 tarn·

343 4067 425 4118 quam
438 4053 585 4112 satricum,
598 4051 700 4103 nostris
713 4056 806 4103 tamen
818 4051 985 4116 temporibus
997 4049 1065 4102 illud
1078 4065 1166 4115 genus
1176 4047 1216 4101 sic
1228 4047 1345 4114 appella·

344 4151 413 4197 mus,
424 4151 477 4202 quo
489 4134 705 4201 suppellectilem
717 4134 894 4187 domesticam
906 4139 1055 4186 vertamus.
