3536 5156
442 919 506 990 230
715 937 924 996 ursmarum
945 937 1053 995 ARCAE
1074 931 1194 996 sotus

442 1103 552 1276 {rautim
565 1104 656 1176 eratl
685 1105 759 1177 Hoc
783 1106 954 1191 proposito
979 1107 1133 1180 Armand
1157 1106 1249 1179 iners
1273 1111 1447 1190 exspecta-

525 1321 681 1393 Halitans
694 1345 767 1408 prae
782 1331 921 1408 stupore
936 1330 972 1394 et
986 1324 1209 1395 admiratione
1231 1323 1267 1394 in
1289 1324 1372 1394 sella
1394 1345 1446 1394 re·

442 1421 575 1493 clinavi.
585 1423 684 1504 Quod
692 1423 766 1494 haec
774 1446 843 1494 non
854 1425 1010 1508 perspexi
1020 1447 1151 1496 coecum
1159 1445 1297 1495 measse
1309 1429 1447 1508 oportu-

411 1583 415 1590 .
444 1521 490 1591 it!
511 1523 664 1593 Armand
679 1524 770 1594 enim
785 1523 1001 1594 commodum
1016 1525 1126 1595 iacere
1141 1531 1276 1609 poterat
1301 1531 1337 1595 et
1362 1531 1446 1594 tem·

443 1644 509 1707 pus
523 1623 669 1706 opperiri
683 1624 767 1694 dum
781 1624 836 1694 ille
851 1625 886 1694 in
899 1625 1060 1708 laqueum
1074 1624 1255 1695 incidisset.
1284 1625 1365 1695 Non
1385 1622 1446 1708 igi·

443 1729 503 1793 tur
517 1723 642 1793 mirum
657 1723 685 1794 si
700 1724 747 1794 ibi
761 1724 986 1808 flagrantibus
1000 1725 1105 1795 oculis
1127 1725 1269 1796 iacuerit
1291 1725 1375 1794 dum
1400 1725 1446 1794 al·

444 1829 498 1893 ter
512 1823 671 1905 phrenesi
686 1823 838 1907 agitatus
852 1846 967 1895 arcam
982 1823 1182 1895 rimaretur!

527 1954 627 2027 “Non
652 1977 762 2041 usque
784 1979 825 2027 eo
850 1957 933 2040 ouid
955 1958 1117 2028 futurum
1143 1964 1233 2028 esset
1257 1956 1445 2041 perspexi?

442 2057 555 2140 pergit
570 2056 732 2140 Godfrey,
748 2057 852 2128 “dum
866 2059 1020 2142 proditor
1039 2058 1075 2128 in
1100 2079 1214 2128 arcam
1239 2059 1447 2142 proclinatus

442 2157 604 2240 choragia
619 2157 805 2240 quaeritans
818 2179 933 2228 arcam
948 2158 1113 2242 palparet.
1149 2157 1293 2228 Nullum
1308 2164 1445 2242 tempus

444 2277 549 2326 morae
563 2265 638 2326 erat
653 2257 804 2326 dandum
820 2293 861 2303 -
884 2259 920 2328 in
945 2258 1142 2329 cubiculum
1167 2258 1260 2328 irrui.
1294 2258 1447 2328 Armand

443 2363 571 2440 puncto
585 2355 748 2440 temporis
761 2357 913 2441 evanuit,
945 2365 982 2428 et
1004 2357 1103 2441 gigas
1127 2357 1267 2441 perinde
1291 2358 1447 2441 effugere

444 2455 610 2539 tentabat,
625 2457 684 2527 sed
699 2478 764 2540 ego
778 2479 859 2528 eum
871 2465 953 2528 ante
968 2457 1107 2528 ianuam
1120 2457 1294 2541 intercepi.
1311 2457 1447 2529 Decius

443 2557 591 2641 pernicie
605 2564 681 2626 tum
694 2579 739 2628 ne
753 2558 919 2628 somniavi
935 2558 1091 2641 quidem;
1112 2557 1155 2628 de
1179 2557 1331 2628 Armand
1355 2557 1447 2628 enim

444 2656 695 2740 superstitando
709 2679 754 2727 ne
768 2657 991 2741 cogitandum
1006 2658 1145 2743 quidem
1160 2665 1244 2728 erat.
1270 2657 1315 2728 Et
1330 2665 1446 2729 tamen

444 2757 689 2840 superstitavit.
711 2758 813 2828 Nunc
829 2757 979 2842 demum,
1005 2758 1065 2828 ubi
1089 2765 1162 2828 tam
1188 2779 1264 2828 sero
1289 2765 1352 2841 est,
1374 2779 1447 2828 rem

444 2857 607 2942 intelligo.
629 2857 868 2929 Necessarium
889 2859 936 2928 illi
959 2864 1034 2929 erat
1060 2858 1152 2928 hunc
1177 2857 1339 2942 occidere,
1364 2857 1448 2928 nihil

444 2965 518 3028 erat
532 2957 694 3042 ambigui.
711 2961 985 3042 Quantacunque
1000 2965 1099 3029 erant
1113 2957 1318 3042 discrimina,
1342 2958 1449 3029 occidi

442 3057 533 3128 hunc
549 3058 761 3141 oportebat.”

529 3173 700 3248 “Eccur?”
716 3196 843 3260 quaro.
859 3174 1110 3257 “Quamobrem
1116 3175 1152 3247 ?”

528 3290 603 3362 “Ad
618 3291 860 3363 occludendam
874 3292 1038 3376 linguam.
1061 3291 1151 3373 Quid
1166 3291 1194 3362 si
1210 3313 1289 3362 eum
1304 3291 1447 3376 cepisse·

444 3393 542 3462 mus?
571 3392 666 3462 Num
681 3399 721 3462 tu
737 3400 907 3463 secretum
929 3392 1081 3463 Armand
1106 3393 1162 3463 vel
1186 3413 1249 3475 pro
1274 3397 1448 3462 momento

441 3514 600 3564 securum
615 3499 717 3575 putas
730 3494 911 3565 futurum?
930 3492 984 3563 Sic
996 3493 1114 3577 itaque
1129 3513 1209 3563 eum
1224 3490 1444 3562 occidendum

443 3592 606 3663 iudicavit
619 3629 661 3638 —
676 3592 897 3663 occidendum
911 3614 1000 3663 unco
1014 3599 1186 3663 venenato
1200 3627 1243 3638 —
1265 3597 1302 3662 et
1324 3591 1446 3664 occidit

443 3715 533 3775 eum,
559 3695 653 3776 quin,
678 3693 826 3777 insuper,
852 3693 955 3762 etiam
982 3692 1110 3763 evasit!
1141 3692 1330 3775 Nunquam
1344 3699 1447 3762 antea

443 3793 478 3864 in
492 3814 570 3862 mea
584 3793 657 3862 vita
680 3799 753 3864 tam
776 3795 917 3864 fatuum
938 3800 1078 3876 tamque
1099 3793 1255 3863 delusum
1276 3813 1332 3863 me
1347 3791 1446 3876 sensi,

443 3914 671 4063 qffissuum
683 3893 823 3964 ianuam
837 3900 919 3964 ante
940 3894 1056 3965 oculos
1078 3893 1161 3963 mihi
1187 3891 1285 3963 obiici
1306 3891 1447 3978 percipi·

445 4015 464 4063 e
546 4047 554 4064 .

527 4109 706 4181 “Fortasse
720 4118 756 4180 et
770 4110 805 4182 id
820 4132 840 4181 e
855 4111 989 4194 proviso
1003 4111 1119 4194 fecit?
1145 4131 1251 4181 ausus
1265 4131 1343 4180 sum
1357 4108 1445 4179 timi·

444 4211 486 4281 de
506 4232 691 4294 suggerere
706 4220 848 4295 paratus
861 4212 929 4282 iam
945 4210 1059 4282 omnia
1073 4212 1116 4281 de
1131 4210 1196 4282 isto
1211 4209 1373 4294 singulari
1389 4209 1448 4282 ho-
