3554 5156
643 944 807 999 oonmnr
837 926 1059 998 uxrumnus
1291 925 1352 995 131

353 1113 447 1184 “Nec
469 1113 524 1182 ille
548 1113 698 1183 misellus
722 1113 803 1182 mihi
830 1134 958 1195 pravus
973 1111 1128 1185 uidetur.
1152 1108 1286 1192 Aliquid
1309 1109 1355 1177 illi

351 1213 467 1284 evenit
493 1249 532 1258 -
555 1213 681 1295 aliquid
697 1213 785 1282 circa
808 1213 900 1281 illam
924 1212 1101 1280 mulierem
1124 1209 1267 1293 -quod
1282 1209 1354 1292 ipse

351 1335 529 1397 nunquam
544 1313 588 1382 sit
603 1313 782 1382 eluctatus.
804 1311 1056 1394 Experiendum
1082 1311 1179 1379 nobis
1194 1310 1258 1379 erit
1273 1308 1355 1391 quid

352 1414 386 1482 id
401 1414 518 1483 fuerit.
541 1413 625 1495 Eho,
640 1434 717 1482 ecce
731 1412 785 1481 hic
810 1419 890 1481 sunt
912 1411 1066 1480 homines
1085 1407 1276 1480 Simmonds
1297 1431 1356 1477 no·

353 1513 445 1596 stri,''
460 1514 509 1582 ait
523 1513 595 1596 ipse
611 1513 693 1582 dum
708 1513 860 1582 Lictores
873 1512 942 1580 duo
966 1520 1046 1580 ante
1071 1510 1211 1579 domum
1232 1509 1356 1578 consti-

353 1621 482 1684 terunt.

447 1730 567 1800 “Tune
591 1731 696 1800 herus
720 1730 871 1813 Godney
895 1752 932 1799 es
943 1729 979 1798 ?''
1012 1729 1098 1797 alter
1119 1728 1241 1810 quaerit
1262 1727 1355 1796 licto-

354 1853 492 2000 mmuh
505 1931 615 2014 sum,”
630 1930 805 2013 respondit
820 1930 980 2012 Godfrey.

439 2047 573 2118 “Herus
587 2047 778 2118 Simmonds
791 2046 979 2116 adventum
1001 2054 1156 2115 nostrum
1171 2043 1244 2127 tibi,
1259 2047 1286 2112 si
1302 2044 1357 2113 hic

355 2170 455 2230 esses,
471 2147 660 2230 significare
675 2169 738 2216 nos
751 2147 880 2216 iussit.”

438 2263 642 2334 “Consilium
657 2271 812 2333 nostrum
828 2265 910 2346 est,''
926 2264 974 2332 ait
984 2263 1144 2346 Godfrey,
1154 2261 1286 2330 “utvos
1300 2259 1357 2329 do-

354 2386 450 2434 mum
472 2365 670 2434 custodiatis
692 2399 734 2410 -
759 2362 957 2433 custodiatis
981 2363 1134 2444 undique
1156 2397 1196 2406 —
1218 2361 1357 2430 circuite

354 2464 591 2594 compeditus,
606 2465 754 2547 doteque
770 2485 908 2546 operam
929 2463 1049 2545 nequis
1075 2483 1151 2532 eam
1177 2460 1357 2544 appropin-

355 2566 457 2648 quet!

438 2680 641 2764 “Tenemus,
652 2680 698 2749 mi
711 2681 832 2763 Here,’'
848 2702 916 2763 quo
932 2680 1021 2749 dicto
1035 2680 1161 2762 digitos
1171 2678 1214 2747 ad
1224 2679 1357 2760 galeam

355 2782 568 2864 levaverunt,
584 2788 659 2850 tum
675 2803 765 2850 unus
790 2780 945 2850 circuivit
961 2781 1004 2850 ad
1020 2780 1183 2864 posticam
1208 2779 1357 2861 domum,

361 2881 447 2952 alter
461 2903 544 2951 vero
558 2903 579 2951 a
594 2883 709 2950 fronte
725 2881 830 2951 stetit.

438 2997 494 3069 “Si
507 2998 542 3067 hi
557 3021 593 3068 se
608 2999 754 3067 fortasse
769 2999 991 3080 occulerent‚’'
1008 2997 1098 3067 suasi
1120 3019 1194 3080 ego,
1211 2995 1357 3066 “nebulo

355 3099 409 3168 ille
424 3098 567 3168 auderet
582 3097 718 3180 reverti,
734 3105 770 3168 et
784 3100 831 3168 sic
845 3097 1002 3180 intercipi
1017 3098 1161 3181 posset.'’

439 3199 590 3282 Godtrey
604 3207 720 3268 tamen
735 3199 855 3282 capitis
870 3204 959 3267 nutu
973 3197 1123 3280 negavit.

439 3314 621 3385 “Reditum
635 3315 709 3385 eius
724 3315 867 3399 experiri
884 3315 993 3397 nolo‚''
1008 3314 1129 3397 inquit,
1146 3312 1275 3382 “satius
1295 3312 1356 3382 ha·

357 3415 419 3486 beo
435 3437 514 3484 eum
530 3415 722 3486 absterreri.
745 3415 940 3484 Consultius
954 3422 1007 3483 est
1022 3421 1062 3483 ut
1077 3436 1139 3482 nos
1160 3413 1288 3482 cavisse
1310 3413 1358 3482 in·

356 3515 517 3598 telligat.’'
540 3516 601 3585 His
615 3515 712 3585 dictis
726 3515 969 3598 praeterlabens
989 3514 1155 3597 pilentum
1180 3520 1281 3595 gestu
1305 3535 1358 3582 ac·

355 3637 499 3697 cersens,
514 3617 708 3684 scamellum
723 3616 797 3685 eius
811 3638 881 3684 uno
896 3615 981 3698 pede
997 3613 1156 3694 ascendit,
1168 3619 1253 3694 tum,
1265 3610 1357 3682 “lam

355 3722 401 3798 te,
416 3715 463 3784 mi
477 3715 627 3798 Lester,”
642 3716 762 3799 inquit,
789 3715 913 3785 “antea
938 3714 1036 3784 docui
1063 3735 1218 3784 meeum
1241 3713 1358 3782 formi-

356 3814 447 3884 dare.
478 3814 534 3885 Tu
558 3817 705 3885 fortasse
727 3839 782 3885 me
806 3815 908 3885 iocari
932 3814 1108 3898 putavisti,
1130 3820 1167 3882 at
1182 3812 1215 3881 id
1231 3834 1299 3881 non
1315 3835 1358 3881 ex

355 3915 427 3986 ioco
441 3915 521 3987 dixi.
543 3916 730 3999 Nunquam
744 3915 779 3984 in
794 3917 867 3985 vita
882 3938 958 3985 mea
980 3917 1089 3997 magis
1112 3917 1199 3983 serio
1224 3915 1358 3983 locutus

356 4039 442 4086 sum.
464 4015 517 4085 Ad
533 4015 701 4087 officinam
716 4017 890 4099 Record,'’
908 4015 956 4085 ait
972 4016 1158 4099 pilentario,
1181 4013 1357 4096 strepenti·

355 4117 488 4199 busque
514 4115 598 4186 rotis
621 4123 764 4187 avectus
789 4122 841 4185 est
855 4137 910 4184 me
925 4122 1001 4199 post
1027 4137 1106 4184 eum
1133 4113 1263 4183 diutius
1287 4135 1359 4196 spe-

355 4223 480 4288 ctante.
