3536 5156
388 857 453 962 214
650 871 860 926 nusquamst
881 871 990 926 ARcAE
1011 864 1130 925 Bouto

386 1037 501 1121 capis?
533 1039 630 1110 Tuus
645 1039 699 1110 ille
724 1039 929 1110 admirabilis
952 1037 1103 1108 rinnand
1129 1038 1192 1107 hoc
1218 1045 1390 1120 perpetra·

389 1139 472 1222 ‚vit”
486 1138 594 1222 digito
607 1139 754 1210 cadaver
768 1139 1016 1210 demonstrans.

472 1255 550 1326 Acsi
564 1257 663 1339 gravi
678 1257 749 1326 ictu
765 1257 799 1327 in
823 1256 932 1340 capite
956 1278 1137 1339 percussus
1163 1276 1270 1324 essem
1292 1253 1392 1337 sensi,

393 1355 527 1439 atrique
553 1364 633 1426 ante
658 1359 773 1426 oculos
797 1378 891 1426 meos
916 1357 1031 1426 circuli
1054 1377 1177 1438 gyrare
1204 1355 1286 1423 mihi
1301 1355 1393 1424 vide·

393 1456 594 1526 bantur...

475 1571 627 1643 “Accede
642 1574 687 1643 sis
700 1595 751 1657 eo,
775 1573 818 1643 ad
843 1573 1061 1654 fenestram,''
1088 1572 1185 1654 quasi
1212 1572 1392 1654 imperiosa

394 1694 478 1743 voce
493 1672 645 1755 Godfrey
659 1695 714 1742 me
729 1673 867 1755 affatur,
880 1672 1087 1755 “auramque
1096 1679 1174 1754 pete
1190 1671 1393 1740 recentem.”

475 1789 580 1858 Parui
594 1791 762 1860 automati
777 1790 894 1870 instar,
911 1790 1058 1870 stetique
1069 1790 1290 1870 quadraturae
1301 1789 1395 1856 fene·

394 1898 475 1959 strae
499 1889 686 1972 applicitus,
710 1890 824 1960 oculos
847 1889 882 1957 in
905 1889 1079 1971 frequenti
1104 1909 1246 1970 pascens
1269 1888 1387 1956 Platea

393 1988 476 2059 dum
491 1989 603 2059 turbae
618 1989 734 2072 populi
759 2011 895 2058 sursum
919 1990 1145 2070 deorsumque
1171 1988 1394 2063 fluctuabant,

392 2090 552 2159 facinoris
567 2097 637 2158 tam
654 2111 758 2172 prope
773 2090 816 2159 ad
832 2112 868 2158 se
883 2089 1069 2172 perpetrati
1092 2111 1231 2171 prorsus
1256 2089 1394 2170 ignarae.

393 2191 438 2259 Et
452 2191 498 2258 sic
514 2190 659 2272 denique
674 2190 804 2272 placida
818 2189 1046 2258 multitudinis
1061 2189 1297 2270 tranquillima,
1313 2188 1396 2257 item

393 2296 595 2373 conspectus
610 2289 728 2358 mundi
743 2311 881 2358 cursum
897 2311 999 2358 suum
1025 2288 1122 2357 solito
1146 2310 1240 2356 more
1268 2287 1397 2370 perfici-

394 2390 483 2459 entis
497 2397 630 2473 partem
644 2390 825 2459 dumtaxat
840 2390 972 2458 fiduciae
987 2389 1052 2457 mei
1069 2399 1172 2471 atque
1202 2389 1292 2456 vires
1313 2387 1396 2455 mihi

393 2497 641 2560 restaurarunt.
663 2489 792 2558 Verum
807 2511 850 2558 ne
866 2510 957 2558 nunc
974 2489 1110 2572 quidem
1126 2489 1208 2557 satis
1232 2488 1391 2557 intellexi.

479 2606 622 2676 “Fuitne
637 2607 667 2676 is
681 2606 881 2676 Armandl’'
897 2627 1014 2688 quaero
1038 2607 1175 2674 vultum
1200 2606 1235 2674 in
1261 2605 1396 2674 cubicu-

398 2707 471 2777 lum
486 2713 671 2788 revertens,
688 2705 905 2776 “Armandne
919 2706 954 2773 in
969 2707 1095 2788 angulo
1109 2705 1239 2774 iacebat
1248 2705 1284 2773 ?”

481 2822 694 2894 “Certissima
723 2823 752 2891 is
786 2823 857 2905 ipse
886 2823 985 2904 fuit‚''
1022 2823 1203 2904 respondet
1234 2821 1394 2904 Godfrey.

402 2923 509 3008 “Quis
524 2923 611 2992 alius
624 2923 658 2992 id
673 2945 745 2992 esse
760 2923 935 3005 poterat?'’

402 3097 406 3107 ,
479 3023 683 3106 “Godfrey,”
699 3022 811 3092 subito
826 3023 978 3105 clamavi,
1002 3043 1109 3104 quum
1132 3022 1323 3090 meminisse
1350 3021 1398 3090 in·

398 3123 556 3207 ciperem,
579 3121 758 3192 “vidistine
778 3123 853 3191 eius
874 3121 988 3191 oculos
1002 3121 1085 3190 dum
1100 3121 1145 3190 ibi
1160 3122 1273 3191 iacens
1286 3121 1398 3191 obser·

397 3224 504 3294 vabat
518 3223 690 3291 hominem
703 3221 792 3291 circa
806 3243 918 3291 arcam
941 3228 1144 3304 occupatum
1152 3221 1188 3289 ?”

481 3321 597 3403 “Vidi;
612 3321 681 3391 vidi
698 3323 771 3391 eius
786 3321 929 3391 oculos.’'

482 3421 548 3491 “Hi
562 3421 664 3491 iidem
680 3429 778 3490 erant
793 3420 880 3491 oculi
898 3475 904 3490 .
923 3475 930 3490 .
948 3422 977 3490 .'’

482 3521 609 3591 “Iidem
622 3521 740 3592 oculi.’'

482 3621 604 3692 “Risus
618 3627 734 3690 autem
749 3657 791 3666 -
806 3621 1010 3691 audivistine
1026 3643 1105 3691 eum
1121 3622 1226 3690 risum
1236 3621 1272 3690 ?”

483 3721 640 3803 “Audivi,
656 3721 840 3803 profecto.'’

484 3821 578 3904 “Ego
594 3820 685 3889 hunc
699 3821 767 3889 iam
790 3828 891 3890 anter
914 3821 1061 3903 audivi,’'
1087 3821 1216 3890 asserui
1242 3842 1316 3902 ego,
1339 3819 1399 3890 “tu

400 3931 516 3993 autem
530 3941 654 3991 nervos
668 3942 762 3990 meos
776 3943 848 3990 esse
864 3921 1027 4003 putavisti
1037 3921 1066 3988 l”

484 4038 666 4108 Paululum
696 4037 853 4120 conticui,
879 4037 971 4120 quod
995 4039 1160 4108 memoria
1183 4038 1256 4106 eius
1281 4037 1329 4106 rei
1350 4059 1403 4106 co-

402 4139 530 4211 horrui.
1342 4149 1347 4154 '
