3554 5156
696 897 874 954 unmoun
894 895 1037 954 vuum
1307 879 1368 953 15³

452 1063 534 1136 “Est
548 1065 676 1150 oiiquid
690 1064 726 1136 in
741 1067 843 1136 vultu
860 1065 951 1150 quod
966 1064 1049 1136 mihi
1072 1064 1187 1135 minus
1210 1064 1369 1149 ignotum

366 1165 534 1248 videtur,”
556 1167 604 1236 ait
618 1165 775 1249 denique,
791 1165 878 1236 “acsi
895 1165 1067 1237 hominem
1081 1164 1254 1249 quondam
1268 1163 1371 1238 alicu·

369 1264 403 1336 bi
418 1265 610 1336 vidissem.”

451 1363 511 1436 ‘'ln
524 1365 616 1449 navi,
631 1366 809 1448 fortasse‚”
824 1365 915 1436 suasi
931 1387 1006 1450 ego,
1022 1364 1180 1450 quamvis
1193 1364 1298 1450 probe
1312 1385 1372 1436 uo·

367 1465 476 1535 verim
490 1464 526 1535 id
539 1465 574 1535 in
589 1465 669 1536 novi
683 1487 751 1535 non
766 1466 958 1550 contigisse,
969 1465 1136 1550 siquidem
1149 1464 1204 1536 hic
1218 1465 1254 1536 in
1268 1464 1372 1538 inter·

370 1566 479 1650 stegio
494 1566 624 1636 locatus
638 1566 771 1636 fuisset.

452 1663 575 1735 “Haud
589 1666 654 1746 ion
676 1686 744 1736 non
758 1665 794 1736 in
809 1665 899 1736 novi.
921 1665 1073 1736 Castoris
1095 1669 1173 1736 mei
1193 1686 1370 1750 nunquam

371 1787 448 1835 surn
463 1785 609 1848 egressa.
631 1765 676 1835 Et
690 1772 805 1835 tamen
821 1772 913 1836 certe
928 1765 1066 1836 memini
1088 1787 1169 1836 eum
1184 1764 1308 1836 vidisse
1331 1801 1367 1811 -

371 1871 408 1935 at
422 1887 506 1936 vero
520 1865 589 1948 ubi,
605 1864 715 1936 dicere
730 1887 798 1934 non
814 1867 932 1950 queo.”
945 1863 1099 1949 “Forte’'
1114 1864 1280 1936 submissa
1293 1886 1372 1950 sug·

368 1963 458 2048 gessi
487 1986 580 2048 voce,
612 1964 754 2050 “aliquis
781 1966 968 2036 amicorum
997 1965 1111 2036 mariti
1137 1964 1189 2036 tui
1215 1987 1289 2036 esse
1315 1985 1372 2050 po·

374 2067 498 2136 rerat.''

452 2166 530 2236 Non
545 2187 601 2236 me
616 2166 806 2250 praeterivit
820 2187 961 2236 monum
976 2164 1050 2236 eius
1063 2165 1127 2236 hoc
1152 2165 1223 2236 ictu
1249 2171 1373 2236 treme

370 2287 417 2348 re,
432 2265 491 2336 sed
507 2265 614 2337 ictum
629 2266 721 2336 huuc
745 2264 973 2336 emittendum
995 2266 1121 2337 censui.
1154 2266 1232 2350 Ipsa
1256 2271 1372 2337 tomen

368 2366 452 2437 forti
467 2367 547 2437 tulit
561 2367 684 2436 animo.

453 2464 601 2536 “Eadem
625 2466 797 2550 cogitatio,
821 2466 912 2537 Here
936 2466 1065 2550 Lester,
1094 2487 1209 2536 meum
1235 2485 1372 2551 quoque

368 2567 523 2638 mimum
538 2566 673 2650 subiit,''
695 2566 869 2650 respondit
889 2567 972 2650 ipso,
994 2564 1137 2638 “verum
1162 2588 1227 2650 ego
1250 2565 1372 2638 amico·

368 2691 446 2740 rum
460 2667 574 2739 mariti
596 2667 662 2738 mei
678 2666 898 2752 paucissimos
921 2665 1020 2748 novi;
1042 2672 1134 2736 certe
1158 2687 1227 2736 non
1253 2667 1370 2737 istum.

370 2769 415 2840 Et
429 2775 545 2840 tamen
560 2804 602 2815 -
633 2822 640 2838 .
658 2821 666 2838 .
683 2821 691 2837 .
707 2767 741 2838 Si
756 2788 825 2850 quo
839 2788 921 2837 casu
937 2767 1057 2838 anciila
1071 2764 1169 2837 nobis
1189 2765 1372 2838 subvenire

452 2969 610 3052 Effigiem
624 2989 730 3038 manu
744 2967 862 3038 ferens
874 2967 1034 3037 conclave
1048 2965 1202 3050 ingressa
1215 2972 1278 3036 est.
1303 2965 1373 3038 An·

370 3070 445 3140 oilla
459 3068 495 3138 in
509 3069 599 3152 sella,
615 3068 674 3138 ubi
699 3089 775 3138 eam
797 3065 1052 3149 reliqueramus,
1077 3086 1187 3149 usque
1211 3065 1372 3148 sedebct;

370 3191 493 3241 manus
517 3190 589 3239 suae
611 3169 647 3238 in
674 3167 805 3252 gremio
830 3173 924 3237 arcte
944 3173 1043 3236 erant
1056 3165 1259 3248 constrictae,
1275 3166 1373 3250 quasi

370 3271 518 3340 maximo
533 3271 642 3340 solum
662 3275 790 3339 conatu
805 3289 841 3339 se
855 3266 1078 3351 compositam
1102 3265 1276 3337 continere
1298 3285 1373 3352 pos·

372 3378 434 3441 set.

454 3467 591 3553 “Iulio''
606 3469 737 3540 affatur
751 3489 827 3538 earn
843 3473 1001 3538 matrona
1015 3467 1130 3537 velata
1143 3465 1244 3538 celeri
1269 3465 1373 3538 Fruu-

370 3571 515 3653 cicitate,
541 3569 616 3640 “hic
630 3576 730 3641 teneo
744 3567 893 3652 effigiem
913 3566 1100 3649 cuiusdam,
1122 3566 1181 3651 qui
1195 3587 1307 3650 nuper
1320 3587 1373 3640 or·

368 3692 454 3742 cano
468 3670 617 3755 quodam
631 3670 732 3740 modo
745 3669 781 3738 in
795 3669 861 3739 isto
884 3667 1035 3738 conclavi
1059 3666 1189 3737 occisus
1212 3673 1274 3737 eet.
1299 3665 1372 3739 Viri

370 3770 416 3853 hi,
431 3770 509 3854 quis
521 3771 576 3840 ille
591 3768 709 3853 tuerit,
724 3767 887 3838 declarari
907 3769 1062 3850 cupiunt.
1083 3766 1211 3837 Vultus
1224 3764 1299 3836 eius
1312 3763 1373 3836 mi·

369 3871 405 3942 hi
430 3869 679 3955 quodammodo
703 3875 808 3939 notus
829 3867 978 3950 videtur,
1000 3887 1122 3937 verum
1143 3865 1301 3936 dirimere
1315 3886 1373 3936 ne·

370 3992 469 4056 queo.
484 3969 603 4051 Cerne,
619 3969 772 4039 amabo.”

453 4070 538 4141 Iulia
553 4069 724 4154 protendit
738 4069 920 4140 tremulum
936 4087 1088 4149 manum,
1113 4064 1243 4150 accepit
1267 4063 1373 4150 effigi·

369 4171 471 4256 giem,
485 4170 634 4254 arpenn
656 4177 732 4241 tum
745 4167 891 4253 suspirio
915 4166 1126 4251 longiusculo
1140 4165 1176 4236 in
1191 4165 1301 4237 solum
1316 4185 1373 4236 ex·
