3536 5156
440 915 503 988 196
700 931 909 986 mersurum
929 930 1036 984 ancre
1057 923 1176 985 noum

522 1101 685 1170 Forulum
700 1100 826 1170 iterum
840 1099 975 1183 repulit,
991 1107 1026 1169 et
1041 1121 1126 1183 opus
1151 1100 1324 1169 musivum
1349 1100 1438 1170 circa

439 1200 688 1283 speculabatur.

525 1300 619 1384 “Ego
634 1309 670 1370 et
685 1301 814 1371 amicus
828 1323 942 1370 arcam
963 1300 1111 1369 maxima
1124 1303 1207 1370 cura
1220 1301 1440 1384 pertractavi·

439 1422 526 1484 mus,
541 1423 604 1471 nec
619 1401 770 1471 forulum
786 1401 1004 1484 reperimus,’'
1026 1421 1106 1469 eum
1122 1399 1230 1469 docui.

536 1500 655 1572 “Tuus
680 1502 809 1572 amicus
824 1537 865 1547 -
886 1507 978 1570 recte
1001 1501 1027 1570 si
1051 1500 1199 1583 memini,
1222 1523 1346 1571 nomen
1368 1502 1441 1572 eius

440 1601 712 1673 memoravistil'’

525 1699 599 1772 “Sic
613 1708 698 1784 puto
716 1737 750 1748 -
768 1723 892 1771 nornen
907 1700 938 1770 ei
953 1707 1005 1771 est
1021 1699 1202 1785 Godfrey.'’

529 1800 769 1885 “iurisperitus
783 1800 924 1872 uttu?”
990 1816 991 1820 ’

525 1917 837 2003 “Haudquaquam
869 1918 1159 1988 diuman‘us1est.
1189 1920 1301 1988 Antea
1326 1926 1441 1990 tamen

440 2019 632 2089 membrum
657 2019 727 2090 fuit
755 2019 902 2089 cohortis
932 2018 1173 2101 speculatoria.
1210 2019 1286 2102 Ipse
1315 2026 1441 2103 praeter

440 2119 580 2189 modum
594 2121 704 2189 alacer
719 2126 781 2203 est,
795 2126 837 2189 ut
863 2119 891 2188 si
914 2118 1095 2202 quisquam
1119 2119 1271 2188 forulum
1294 2121 1441 2202 reperire

440 2218 606 2302 debuerit,
621 2241 701 2288 eum
714 2219 806 2289 hunc
820 2218 928 2288 fuisse
943 2218 1170 2288 necessarium
1180 2218 1365 2289 videretur.
1378 2221 1441 2290 Hae

440 2325 557 2389 tamen
573 2319 706 2389 technae
721 2340 800 2388 eum
817 2319 1023 2388 eluserunt.'’

525 2434 607 2505 Post
621 2434 693 2505 haec
708 2434 812 2505 herus
836 2434 989 2505 Annand
1014 2435 1167 2504 forulum
1193 2456 1272 2505 cum
1296 2437 1440 2519 strepitu

443 2535 593 2605 retrusit.

526 2651 676 2722 “Tamen
690 2652 843 2721 forulum
869 2659 1042 2734 repertum
1065 2654 1168 2734 esse,'’
1193 2652 1315 2735 inquit,
1337 2652 1441 2724 “mihi

440 2759 640 2835 pergratum
656 2758 717 2822 est.
740 2752 826 2822 Nolo
851 2760 896 2834 te,
920 2752 1010 2821 Here
1034 2751 1163 2834 Lester,
1187 2752 1346 2836 ignarum
1368 2776 1441 2824 esse

440 2853 529 2922 hane
544 2874 615 2922 rem
631 2873 719 2922 arcae
733 2854 883 2922 valorem
897 2852 1055 2935 augere.”

525 2967 804 3050 “Quantumnam
832 2969 969 3038 valet?’'
1004 2990 1122 3051 quaero
1151 2969 1195 3039 ab
1224 2991 1274 3039 eo.
1308 2969 1443 3042 “Herus

441 3068 590 3142 Vantine
604 3090 659 3137 me
674 3090 750 3138 eam
766 3091 827 3151 pro
841 3091 877 3138 se
893 3091 1004 3139 emere
1020 3069 1127 3150 iussit,
1143 3077 1247 3152 atque
1263 3092 1441 3154 summam,

441 3190 520 3252 quae
534 3169 608 3238 fere
622 3167 724 3238 fidem
739 3168 889 3251 excedat,
913 3169 1010 3238 velut
1032 3168 1173 3237 limitem
1196 3169 1294 3252 pretii
1317 3191 1443 3240 memo-

443 3268 564 3338 ravit.”

525 3384 709 3469 “Revera''
724 3385 828 3454 herus
842 3386 993 3455 Armand
1010 3386 1192 3469 respondit,
1219 3391 1355 3469 sumpta
1369 3387 1443 3458 bre-

439 3486 474 3556 vi
490 3485 739 3568 deliberatione,
769 3484 849 3554 “vix
872 3487 975 3555 ullam
998 3507 1167 3555 summam
1189 3488 1442 3557 memorandam

439 3593 524 3670 puto
538 3587 644 3656 donec
668 3592 800 3668 patrem
822 3587 1005 3655 consulam.
1038 3587 1128 3655 Arca
1154 3608 1234 3656 sane
1261 3587 1442 3670 singularis

440 3693 492 3756 est
517 3721 559 3731 -
582 3687 727 3756 fortasse
756 3687 908 3756 omnium
935 3708 1020 3769 quas
1045 3686 1149 3756 herus
1177 3687 1284 3756 Boule
1313 3689 1443 3758 iecerat

554 3889 578 3942 l.
607 3885 807 3950 Diuwrdriua,
831 3886 877 3950 -a'i,
906 3888 1068 3940 vocabulum
1097 3889 1258 3950 Romanum,
1291 3887 1443 3950 iuridicunr,

444 3971 561 4024 scribam
574 3971 721 4037 significat,
733 3969 780 4036 qui
792 3976 855 4023 acta
868 3970 950 4024 euriae
968 3972 1087 4023 iudicum
1104 3970 1226 4036 quotidie
1244 3971 1344 4024 litteris
1357 3971 1443 4024 consi-

439 4071 525 4122 gnare
538 4053 690 4107 consucvit
703 4055 754 4106 Hic
767 4054 904 4114 relatores,
922 4055 1033 4119 perinde
1050 4060 1132 4120 atque
1146 4055 1344 4120 conscriptores
1363 4071 1444 4107 even-

437 4143 524 4199 tuum,
548 4137 615 4190 item
641 4137 851 4190 concinnatores
864 4137 1022 4190 diurnorum
1048 4137 1268 4204 (ephemeridum,
1295 4137 1442 4206 periodico·

436 4220 508 4286 rum)
521 4219 670 4290 significat.
