3500 5158
418 873 481 942 314
678 887 887 942 erumnarum
909 887 1017 943 naen
1039 881 1160 942 souin

503 1052 670 1125 “Induere
685 1055 792 1138 volo,’'
804 1055 912 1125 refert
924 1055 1085 1139 Godirey,
1097 1053 1173 1125 “me
1184 1061 1289 1138 atque
1299 1053 1421 1123 herum

421 1154 599 1224 Shearrow
613 1155 677 1226 hoc
692 1177 793 1225 mane
809 1156 1012 1239 praefectum
1027 1156 1122 1226 urbis
1142 1155 1298 1236 adivisse,
1322 1153 1421 1236 eique

421 1255 579 1338 quaedam
594 1254 629 1324 in
644 1263 761 1325 nostra
775 1263 943 1339 potestate
963 1255 1157 1325 testimonia
1171 1255 1365 1324 submisisse
1380 1288 1422 1298 -

421 1353 513 1424 hunc
528 1376 644 1424 casum
659 1355 749 1424 inter
763 1354 894 1438 reliqua
918 1391 961 1400 -
986 1361 1151 1439 tuamque
1176 1354 1422 1424 abdicationem

421 1453 484 1523 hoc
498 1453 638 1523 men'die
654 1462 828 1538 acceptam
842 1455 983 1525 fuisse.''

503 1570 645 1642 “Meane
659 1571 826 1642 abdicatio
835 1572 872 1642 ?''
894 1573 1058 1643 hirriebat
1073 1573 1196 1655 Grady.
1212 1570 1422 1654 “Nunquam

421 1693 496 1742 eam
512 1672 670 1755 exscripsi
681 1672 711 1740 !'’

503 1787 664 1870 “Licebit,
679 1789 707 1858 si
722 1788 816 1872 velis,
831 1790 895 1858 hoe
909 1789 945 1858 in
961 1791 1107 1873 vulgum
1132 1789 1348 1873 praedicare,”
1363 1788 1424 1858 iri·

420 1888 499 1971 gide
514 1889 657 1972 regessit
672 1888 833 1972 Godfrey.
857 1888 917 1958 “Id
931 1896 1033 1959 tuum
1048 1889 1112 1959 erit
1137 1889 1262 1959 videre.
1285 1889 1334 1959 Ut
1354 1887 1422 1958 iam

420 1988 537 2058 monui
551 1996 596 2071 te,
612 2011 672 2072 per
687 1989 908 2072 telephonum
924 1989 1071 2060 debebas
1084 1989 1192 2059 officio
1212 1995 1275 2060 tuo
1298 2010 1423 2059 renun-

420 2090 515 2159 tiare.
532 2089 634 2159 Nune
649 2088 797 2171 demum,
813 2088 1034 2160 Simmonds.’'

503 2205 619 2287 Grady
634 2205 805 2289 paulisper
819 2206 968 2276 furentis
983 2206 1074 2276 tauri
1100 2206 1208 2276 instar
1229 2205 1345 2277 oculos
1359 2205 1421 2276 cir-

420 2305 633 2375 cumferebat
649 2305 731 2375 dum
747 2328 812 2389 ego
826 2327 906 2375 eum
920 2307 994 2377 fere
1021 2307 1057 2375 in
1082 2306 1233 2389 Godfrey
1248 2328 1284 2376 se
1308 2306 1423 2390 praeei-

420 2406 611 2488 pitaturum
625 2406 881 2488 exspectabam,
903 2413 1056 2476 attamen
1082 2407 1153 2475 loco
1168 2406 1280 2488 huius,
1295 2406 1422 2489 pileum

420 2505 522 2588 capiti
538 2527 600 2574 suo
616 2505 766 2589 impegit,
781 2527 981 2589 progressus
994 2506 1038 2576 ad
1052 2506 1199 2589 ianuam,
1211 2527 1287 2576 eam
1297 2505 1423 2576 violen-

421 2612 475 2674 ter
490 2604 618 2689 pandit,
634 2627 669 2674 se
684 2606 851 2689 proripuit
865 2627 1011 2688 eamque
1026 2628 1113 2689 pone
1128 2628 1164 2676 se
1179 2606 1323 2690 impulit

505 2720 628 2791 “Nunc
643 2721 791 2805 demum,
807 2722 1029 2806 Simmonds,”
1051 2722 1175 2806 repetit
1197 2722 1349 2806 Godirey
1372 2745 1423 2792 so·

421 2822 497 2891 nitu
512 2829 677 2904 emortuo,
694 2843 802 2904 quum
817 2821 1008 2893 Simmonds
1033 2823 1068 2892 in
1093 2824 1243 2893 medium
1268 2844 1423 2906 progres

422 2943 481 2992 sus
495 2921 703 3005 subscripsit.
725 2923 799 3005 Ego
821 2922 918 2992 testis
942 2923 995 2993 iui
1020 2923 1285 3007 subsignationis
1309 2924 1423 3006 factae,

422 3043 530 3104 quum
556 3020 718 3105 Godirey,
744 3021 853 3092 multo
878 3023 980 3093 etiam
1007 3045 1111 3106 quam
1132 3031 1234 3094 antea
1249 3045 1284 3092 se
1298 3023 1422 3093 avidio-

422 3145 494 3193 rem
519 3122 685 3205 praebens,
710 3122 864 3192 chartam
878 3123 1067 3206 prehendit,
1094 3144 1203 3207 eaque
1223 3123 1268 3193 ad
1282 3124 1421 3193 ianuam

422 3222 583 3292 cucurrit.

506 3337 593 3408 “Fac
609 3337 709 3408 istam
723 3361 796 3408 rem
811 3339 983 3409 celerrime
999 3361 1102 3424 quam
1117 3340 1244 3424 poteris
1264 3339 1299 3409 in
1322 3339 1422 3410 offici-

421 3460 502 3508 nam
528 3437 693 3520 deferas,”
719 3437 800 3508 dicit
824 3439 959 3508 cuidam
984 3446 1065 3509 ante
1093 3439 1231 3510 ianuam
1259 3439 1417 3510 adstanti.

423 3537 577 3608 “Caetera
593 3558 654 3620 per
668 3537 888 3621 telephonum
903 3538 1038 3608 docebo.
1050 3539 1177 3621 Istud,''
1193 3539 1305 3622 inquit
1319 3541 1423 3609 ianua

422 3639 537 3708 clausa
551 3636 595 3706 ad
609 3659 672 3707 nos
686 3659 853 3720 reversus,
878 3638 1013 3709 “meum
1028 3648 1080 3709 est
1095 3639 1274 3722 praemium
1293 3639 1422 3710 —sive

420 3738 533 3822 potius
548 3737 727 3820 praemium
742 3740 876 3808 Record
891 3775 932 3783 -
942 3739 986 3809 ob
1006 3761 1125 3809 omnes
1140 3739 1203 3810 has
1225 3761 1280 3810 res
1294 3747 1419 3824 gestas.

422 3839 537 3920 Atque
552 3859 655 3919 nunc,
670 3838 779 3920 amici,
795 3839 875 3921 diga
890 3839 963 3908 heri
989 3838 1167 3910 Shearrow
1192 3847 1272 3910 ante
1297 3841 1422 3910 ostium

340 3927 346 3940 '
423 3938 649 4023 praestolatur,
664 3946 699 4007 et
714 3959 779 4020 ego
794 3939 901 4008 satius
916 3939 1070 4009 existimo
1093 3947 1133 4009 ut
1158 3940 1247 4010 hanc
1271 3941 1422 4024 praedam

422 4039 457 4108 in
473 4038 621 4120 aliquam
636 4044 749 4107 tutam
763 4059 876 4110 arcam
892 4039 1129 4122 depositariam
1145 4039 1384 4112 devehamus.”

506 4153 646 4224 Circiter
669 4154 774 4224 denos
799 4163 877 4238 post
894 4156 965 4226 dies
979 4155 1130 4239 Godfrey
1145 4156 1292 4240 quadam
1307 4179 1423 4243 vespe
