<?xml version="1.0" encoding="UTF-8"?>
<!DOCTYPE html PUBLIC "-//W3C//DTD XHTML 1.0 Transitional//EN"
    "http://www.w3.org/TR/xhtml1/DTD/xhtml1-transitional.dtd">
<html xmlns="http://www.w3.org/1999/xhtml" xml:lang="en" lang="en">
 <head>
  <title>
</title>
<meta http-equiv="Content-Type" content="text/html;charset=utf-8" />
  <meta name='ocr-system' content='tesseract 3.04.00' />
  <meta name='ocr-capabilities' content='ocr_page ocr_carea ocr_par ocr_line ocrx_word'/>
</head>
<body>
  <div class='ocr_page' id='page_1' title='image "./mysteriumarcbou00mogygoog/mysteriumarcbou00mogygoog_0053.png"; bbox 0 0 3502 5158; ppageno 0'>
   <div class='ocr_carea' id='block_1_1' title="bbox 395 831 1137 902">
    <p class='ocr_par' dir='ltr' id='par_1_1' title="bbox 395 831 1137 902">
     <span class='ocr_line' id='line_1_1' title="bbox 395 831 1137 902; baseline -0.004 -2"><span class='ocrx_word' id='word_1_1' title='bbox 395 831 436 902; x_wconf 86' lang='lat'><strong>38</strong></span> <span class='ocrx_word' id='word_1_2' title='bbox 657 845 868 900; x_wconf 79' lang='lat' dir='ltr'><strong>morumuu</strong></span> <span class='ocrx_word' id='word_1_3' title='bbox 889 844 997 899; x_wconf 72' lang='lat' dir='ltr'><strong>Anca</strong></span> <span class='ocrx_word' id='word_1_4' title='bbox 1017 839 1137 898; x_wconf 78' lang='lat' dir='ltr'><strong>noum</strong></span> 
     </span>
    </p>
   </div>
   <div class='ocr_carea' id='block_1_2' title="bbox 395 1013 1403 2398">
    <p class='ocr_par' dir='ltr' id='par_1_2' title="bbox 395 1013 1401 1400">
     <span class='ocr_line' id='line_1_2' title="bbox 395 1013 1398 1096; baseline -0.004 -10"><span class='ocrx_word' id='word_1_5' title='bbox 395 1018 458 1086; x_wconf 85' lang='lat' dir='ltr'><strong>hoc</strong></span> <span class='ocrx_word' id='word_1_6' title='bbox 485 1015 589 1085; x_wconf 92' lang='lat' dir='ltr'><strong>etiam</strong></span> <span class='ocrx_word' id='word_1_7' title='bbox 614 1036 704 1084; x_wconf 88' lang='lat' dir='ltr'><strong>mox.</strong></span> <span class='ocrx_word' id='word_1_8' title='bbox 740 1015 877 1084; x_wconf 80' lang='lat' dir='ltr'>Interea</span> <span class='ocrx_word' id='word_1_9' title='bbox 902 1021 1018 1084; x_wconf 89' lang='lat' dir='ltr'><strong>tamen</strong></span> <span class='ocrx_word' id='word_1_10' title='bbox 1042 1013 1189 1083; x_wconf 87' lang='lat' dir='ltr'><strong>arduum</strong></span> <span class='ocrx_word' id='word_1_11' title='bbox 1215 1035 1302 1096; x_wconf 91' lang='lat' dir='ltr'><strong>opus</strong></span> <span class='ocrx_word' id='word_1_12' title='bbox 1316 1013 1398 1082; x_wconf 90' lang='lat' dir='ltr'><strong>mihi</strong></span> 
     </span>
     <span class='ocr_line' id='line_1_3' title="bbox 395 1114 1401 1199; baseline -0.004 -13"><span class='ocrx_word' id='word_1_13' title='bbox 395 1116 561 1199; x_wconf 88' lang='lat' dir='ltr'><strong>imminet,</strong></span> <span class='ocrx_word' id='word_1_14' title='bbox 577 1115 631 1185; x_wconf 88' lang='lat' dir='ltr'><strong>sui</strong></span> <span class='ocrx_word' id='word_1_15' title='bbox 644 1115 736 1184; x_wconf 92' lang='lat' dir='ltr'><strong>enim</strong></span> <span class='ocrx_word' id='word_1_16' title='bbox 750 1115 885 1198; x_wconf 89' lang='lat' dir='ltr'><strong>patroni</strong></span> <span class='ocrx_word' id='word_1_17' title='bbox 900 1114 1057 1184; x_wconf 89' lang='lat' dir='ltr'><strong>nesciunt</strong></span> <span class='ocrx_word' id='word_1_18' title='bbox 1080 1135 1244 1198; x_wconf 86' lang='lat' dir='ltr'>quorsum</span> <span class='ocrx_word' id='word_1_19' title='bbox 1267 1136 1303 1183; x_wconf 86' lang='lat' dir='ltr'><strong>se</strong></span> <span class='ocrx_word' id='word_1_20' title='bbox 1325 1135 1401 1182; x_wconf 93' lang='lat' dir='ltr'><strong>ver·</strong></span> 
     </span>
     <span class='ocr_line' id='line_1_4' title="bbox 397 1213 1399 1300; baseline -0.004 -14"><span class='ocrx_word' id='word_1_21' title='bbox 397 1224 482 1286; x_wconf 89' lang='lat' dir='ltr'><strong>tant.</strong></span> <span class='ocrx_word' id='word_1_22' title='bbox 506 1215 622 1300; x_wconf 92' lang='lat' dir='ltr'><strong>Quum</strong></span> <span class='ocrx_word' id='word_1_23' title='bbox 637 1221 753 1284; x_wconf 89' lang='lat' dir='ltr'><strong>tamen</strong></span> <span class='ocrx_word' id='word_1_24' title='bbox 769 1216 872 1284; x_wconf 86' lang='lat' dir='ltr'><strong>semel</strong></span> <span class='ocrx_word' id='word_1_25' title='bbox 888 1215 990 1284; x_wconf 86' lang='lat' dir='ltr'><strong>elisus</strong></span> <span class='ocrx_word' id='word_1_26' title='bbox 1004 1214 1121 1297; x_wconf 83' lang='lat' dir='ltr'><strong>fuerit,</strong></span> <span class='ocrx_word' id='word_1_27' title='bbox 1135 1220 1259 1284; x_wconf 86' lang='lat' dir='ltr'><strong>cuneta</strong></span> <span class='ocrx_word' id='word_1_28' title='bbox 1274 1213 1399 1283; x_wconf 91' lang='lat' dir='ltr'><strong>iterum</strong></span> 
     </span>
     <span class='ocr_line' id='line_1_5' title="bbox 397 1315 677 1400; baseline -0.007 -14"><span class='ocrx_word' id='word_1_29' title='bbox 397 1315 677 1400; x_wconf 85' lang='lat' dir='ltr'><strong>prosperabunt.’&#39;</strong></span> 
     </span>
    </p>

    <p class='ocr_par' dir='ltr' id='par_1_3' title="bbox 398 1412 1398 1585">
     <span class='ocr_line' id='line_1_6' title="bbox 481 1412 1398 1499; baseline -0.002 -15"><span class='ocrx_word' id='word_1_30' title='bbox 481 1414 580 1499; x_wconf 87' lang='lat' dir='ltr'><strong>Quod</strong></span> <span class='ocrx_word' id='word_1_31' title='bbox 594 1413 637 1484; x_wconf 91' lang='lat' dir='ltr'><strong>de</strong></span> <span class='ocrx_word' id='word_1_32' title='bbox 652 1413 766 1498; x_wconf 90' lang='lat' dir='ltr'><strong>Grady</strong></span> <span class='ocrx_word' id='word_1_33' title='bbox 780 1414 864 1484; x_wconf 90' lang='lat' dir='ltr'>nihil</span> <span class='ocrx_word' id='word_1_34' title='bbox 879 1436 934 1484; x_wconf 92' lang='lat' dir='ltr'><strong>me</strong></span> <span class='ocrx_word' id='word_1_35' title='bbox 949 1414 1127 1496; x_wconf 85' lang='lat' dir='ltr'><strong>attinebat,</strong></span> <span class='ocrx_word' id='word_1_36' title='bbox 1142 1413 1186 1483; x_wconf 93' lang='lat' dir='ltr'><strong>ad</strong></span> <span class='ocrx_word' id='word_1_37' title='bbox 1201 1412 1398 1483; x_wconf 87' lang='lat' dir='ltr'><strong>institutum</strong></span> 
     </span>
     <span class='ocr_line' id='line_1_7' title="bbox 398 1513 705 1585; baseline -0.01 0"><span class='ocrx_word' id='word_1_38' title='bbox 398 1521 554 1585; x_wconf 88' lang='lat' dir='ltr'><strong>nostrum</strong></span> <span class='ocrx_word' id='word_1_39' title='bbox 570 1513 705 1584; x_wconf 88' lang='lat' dir='ltr'><strong>reverti.</strong></span> 
     </span>
    </p>

    <p class='ocr_par' dir='ltr' id='par_1_4' title="bbox 400 1613 1400 1802">
     <span class='ocr_line' id='line_1_8' title="bbox 483 1613 1400 1698; baseline -0.002 -14"><span class='ocrx_word' id='word_1_40' title='bbox 483 1613 605 1698; x_wconf 86' lang='lat' dir='ltr'><strong>“Quin,</strong></span> <span class='ocrx_word' id='word_1_41' title='bbox 621 1614 802 1697; x_wconf 74' lang='lat' dir='ltr'><strong>Godrrey,”</strong></span> <span class='ocrx_word' id='word_1_42' title='bbox 818 1637 898 1684; x_wconf 91' lang='lat' dir='ltr'><strong>eum</strong></span> <span class='ocrx_word' id='word_1_43' title='bbox 925 1614 1066 1698; x_wconf 90' lang='lat' dir='ltr'><strong>appello,</strong></span> <span class='ocrx_word' id='word_1_44' title='bbox 1093 1613 1141 1683; x_wconf 92' lang='lat' dir='ltr'><strong>“si</strong></span> <span class='ocrx_word' id='word_1_45' title='bbox 1166 1635 1340 1684; x_wconf 88' lang='lat' dir='ltr'><strong>venenum</strong></span> <span class='ocrx_word' id='word_1_46' title='bbox 1365 1613 1400 1682; x_wconf 90' lang='lat' dir='ltr'><strong>in</strong></span> 
     </span>
     <span class='ocr_line' id='line_1_9' title="bbox 400 1713 907 1802; baseline -0.004 -16"><span class='ocrx_word' id='word_1_47' title='bbox 400 1737 504 1786; x_wconf 88' lang='lat' dir='ltr'><strong>causa</strong></span> <span class='ocrx_word' id='word_1_48' title='bbox 518 1736 586 1784; x_wconf 90' lang='lat' dir='ltr'><strong>non</strong></span> <span class='ocrx_word' id='word_1_49' title='bbox 602 1713 681 1802; x_wconf 73' lang='lat' dir='ltr'><strong>luit,</strong></span> <span class='ocrx_word' id='word_1_50' title='bbox 696 1714 779 1796; x_wconf 86' lang='lat' dir='ltr'><strong>quid</strong></span> <span class='ocrx_word' id='word_1_51' title='bbox 793 1714 907 1784; x_wconf 80' lang='lat' dir='ltr'><strong>fuit?”</strong></span> 
     </span>
    </p>

    <p class='ocr_par' dir='ltr' id='par_1_5' title="bbox 485 1813 857 1897">
     <span class='ocr_line' id='line_1_10' title="bbox 485 1813 857 1897; baseline -0.005 -13"><span class='ocrx_word' id='word_1_52' title='bbox 485 1813 641 1897; x_wconf 78' lang='lat' dir='ltr'><strong>“Atfoa&#39;t</strong></span> <span class='ocrx_word' id='word_1_53' title='bbox 654 1814 857 1884; x_wconf 88' lang='lat' dir='ltr'><strong>venenum.”</strong></span> 
     </span>
    </p>

    <p class='ocr_par' dir='ltr' id='par_1_6' title="bbox 485 1913 894 1985">
     <span class='ocr_line' id='line_1_11' title="bbox 485 1913 894 1985; baseline 0.002 -1"><span class='ocrx_word' id='word_1_54' title='bbox 485 1913 667 1985; x_wconf 90' lang='lat' dir='ltr'><strong>“Manuine</strong></span> <span class='ocrx_word' id='word_1_55' title='bbox 681 1913 844 1984; x_wconf 89' lang='lat' dir='ltr'><strong>iniectum</strong></span> <span class='ocrx_word' id='word_1_56' title='bbox 858 1915 894 1985; x_wconf 82' lang='lat'><strong>?”</strong></span> 
     </span>
    </p>

    <p class='ocr_par' dir='ltr' id='par_1_7' title="bbox 486 2013 750 2098">
     <span class='ocr_line' id='line_1_12' title="bbox 486 2013 750 2098; baseline 0 -12"><span class='ocrx_word' id='word_1_57' title='bbox 486 2014 604 2098; x_wconf 83' lang='lat' dir='ltr'><strong>Capite</strong></span> <span class='ocrx_word' id='word_1_58' title='bbox 619 2013 750 2086; x_wconf 89' lang='lat' dir='ltr'><strong>annuit.</strong></span> 
     </span>
    </p>

    <p class='ocr_par' dir='ltr' id='par_1_8' title="bbox 402 2112 1400 2297">
     <span class='ocr_line' id='line_1_13' title="bbox 485 2112 1400 2197; baseline -0.001 -13"><span class='ocrx_word' id='word_1_59' title='bbox 485 2112 554 2184; x_wconf 85' lang='lat' dir='ltr'><strong>“At</strong></span> <span class='ocrx_word' id='word_1_60' title='bbox 568 2113 777 2197; x_wconf 86' lang='lat' dir='ltr'><strong>Goldberger</strong></span> <span class='ocrx_word' id='word_1_61' title='bbox 790 2115 839 2185; x_wconf 88' lang='lat' dir='ltr'><strong>ait</strong></span> <span class='ocrx_word' id='word_1_62' title='bbox 853 2117 986 2186; x_wconf 92' lang='lat' dir='ltr'><strong>nullum</strong></span> <span class='ocrx_word' id='word_1_63' title='bbox 1010 2114 1084 2185; x_wconf 88' lang='lat' dir='ltr'><strong>dari</strong></span> <span class='ocrx_word' id='word_1_64' title='bbox 1111 2136 1282 2184; x_wconf 90' lang='lat' dir='ltr'><strong>venenum</strong></span> <span class='ocrx_word' id='word_1_65' title='bbox 1310 2112 1400 2196; x_wconf 87' lang='lat' dir='ltr'><strong>quod</strong></span> 
     </span>
     <span class='ocr_line' id='line_1_14' title="bbox 402 2213 1317 2297; baseline -0.001 -13"><span class='ocrx_word' id='word_1_66' title='bbox 402 2215 452 2285; x_wconf 91' lang='lat' dir='ltr'><strong>ita</strong></span> <span class='ocrx_word' id='word_1_67' title='bbox 466 2213 628 2294; x_wconf 87' lang='lat' dir='ltr'><strong>adhiberi,</strong></span> <span class='ocrx_word' id='word_1_68' title='bbox 643 2219 782 2296; x_wconf 89' lang='lat' dir='ltr'><strong>tamque</strong></span> <span class='ocrx_word' id='word_1_69' title='bbox 797 2215 864 2284; x_wconf 91' lang='lat' dir='ltr'><strong>cito</strong></span> <span class='ocrx_word' id='word_1_70' title='bbox 879 2216 1042 2285; x_wconf 87' lang='lat' dir='ltr'><strong>effectum</strong></span> <span class='ocrx_word' id='word_1_71' title='bbox 1057 2214 1169 2284; x_wconf 81' lang='lat' dir='ltr'><strong>sortiri</strong></span> <span class='ocrx_word' id='word_1_72' title='bbox 1183 2214 1317 2297; x_wconf 87' lang='lat' dir='ltr'><strong>queat.&#39;’</strong></span> 
     </span>
    </p>

    <p class='ocr_par' dir='ltr' id='par_1_9' title="bbox 487 2313 1403 2398">
     <span class='ocr_line' id='line_1_15' title="bbox 487 2313 1403 2398; baseline 0 -15"><span class='ocrx_word' id='word_1_73' title='bbox 487 2313 611 2384; x_wconf 91' lang='lat' dir='ltr'><strong>“Recte</strong></span> <span class='ocrx_word' id='word_1_74' title='bbox 640 2313 778 2397; x_wconf 87' lang='lat' dir='ltr'><strong>quidem</strong></span> <span class='ocrx_word' id='word_1_75' title='bbox 804 2315 1043 2398; x_wconf 84' lang='lat' dir='ltr'><strong>Goldberger‚’&#39;</strong></span> <span class='ocrx_word' id='word_1_76' title='bbox 1078 2313 1200 2398; x_wconf 88' lang='lat' dir='ltr'><strong>probat</strong></span> <span class='ocrx_word' id='word_1_77' title='bbox 1231 2314 1403 2396; x_wconf 87' lang='lat' dir='ltr'><strong>Godfrey;</strong></span> 
     </span>
    </p>
   </div>
   <div class='ocr_carea' id='block_1_3' title="bbox 404 2413 1401 2599">
    <p class='ocr_par' dir='ltr' id='par_1_10' title="bbox 404 2413 1401 2599">
     <span class='ocr_line' id='line_1_16' title="bbox 404 2413 1401 2584; baseline 0 -100"><span class='ocrx_word' id='word_1_78' title='bbox 404 2413 489 2584; x_wconf 88' lang='lat' dir='ltr'><strong>“estb</strong></span> <span class='ocrx_word' id='word_1_79' title='bbox 491 2420 607 2483; x_wconf 90' lang='lat' dir='ltr'><strong>tamen</strong></span> <span class='ocrx_word' id='word_1_80' title='bbox 621 2435 793 2484; x_wconf 89' lang='lat' dir='ltr'><strong>venenum</strong></span> <span class='ocrx_word' id='word_1_81' title='bbox 807 2416 964 2498; x_wconf 80' lang='lat' dir='ltr'><strong>ignotum</strong></span> <span class='ocrx_word' id='word_1_82' title='bbox 978 2415 1069 2499; x_wconf 87' lang='lat' dir='ltr'><strong>quod</strong></span> <span class='ocrx_word' id='word_1_83' title='bbox 1085 2422 1191 2498; x_wconf 84' lang='lat' dir='ltr'><strong>queat</strong></span> <span class='ocrx_word' id='word_1_84' title='bbox 1206 2451 1246 2461; x_wconf 89' lang='lat'>—</span> <span class='ocrx_word' id='word_1_85' title='bbox 1268 2416 1401 2485; x_wconf 82' lang='lat' dir='ltr'><strong>factum</strong></span> 
     </span>
     <span class='ocr_line' id='line_1_17' title="bbox 404 2515 556 2599; baseline -0.007 -15"><span class='ocrx_word' id='word_1_86' title='bbox 404 2535 465 2599; x_wconf 91' lang='lat' dir='ltr'><strong>pro</strong></span> <span class='ocrx_word' id='word_1_87' title='bbox 489 2515 556 2584; x_wconf 84' lang='lat' dir='ltr'><strong>at’&#39;</strong></span> 
     </span>
    </p>
   </div>
   <div class='ocr_carea' id='block_1_4' title="bbox 405 2613 1404 2900">
    <p class='ocr_par' dir='ltr' id='par_1_11' title="bbox 405 2613 1404 2900">
     <span class='ocr_line' id='line_1_18' title="bbox 488 2613 1087 2700; baseline 0.005 -17"><span class='ocrx_word' id='word_1_88' title='bbox 488 2613 600 2698; x_wconf 82' lang='lat' dir='ltr'><strong>“Ergo</strong></span> <span class='ocrx_word' id='word_1_89' title='bbox 615 2637 684 2686; x_wconf 89' lang='lat' dir='ltr'><strong>non</strong></span> <span class='ocrx_word' id='word_1_90' title='bbox 699 2638 833 2686; x_wconf 86' lang='lat' dir='ltr'><strong>morsus</strong></span> <span class='ocrx_word' id='word_1_91' title='bbox 847 2617 1039 2700; x_wconf 76' lang='lat' dir='ltr'><strong>anguineus</strong></span> <span class='ocrx_word' id='word_1_92' title='bbox 1051 2616 1087 2686; x_wconf 79' lang='lat' dir='ltr'><strong>l”</strong></span> 
     </span>
     <span class='ocr_line' id='line_1_19' title="bbox 488 2714 1402 2799; baseline 0 -15"><span class='ocrx_word' id='word_1_93' title='bbox 488 2714 611 2784; x_wconf 91' lang='lat' dir='ltr'><strong>“Nullo</strong></span> <span class='ocrx_word' id='word_1_94' title='bbox 626 2723 742 2799; x_wconf 90' lang='lat' dir='ltr'><strong>pacto;</strong></span> <span class='ocrx_word' id='word_1_95' title='bbox 763 2739 937 2788; x_wconf 90' lang='lat' dir='ltr'><strong>venenum</strong></span> <span class='ocrx_word' id='word_1_96' title='bbox 960 2715 1171 2799; x_wconf 87' lang='lat' dir='ltr'><strong>anguineum</strong></span> <span class='ocrx_word' id='word_1_97' title='bbox 1184 2737 1254 2784; x_wconf 90' lang='lat' dir='ltr'><strong>non</strong></span> <span class='ocrx_word' id='word_1_98' title='bbox 1269 2722 1341 2784; x_wconf 91' lang='lat' dir='ltr'><strong>tam</strong></span> <span class='ocrx_word' id='word_1_99' title='bbox 1356 2715 1402 2785; x_wconf 90' lang='lat' dir='ltr'><strong>ci·</strong></span> 
     </span>
     <span class='ocr_line' id='line_1_20' title="bbox 405 2815 1404 2900; baseline -0.001 -16"><span class='ocrx_word' id='word_1_100' title='bbox 405 2821 441 2884; x_wconf 91' lang='lat' dir='ltr'><strong>to</strong></span> <span class='ocrx_word' id='word_1_101' title='bbox 455 2821 555 2885; x_wconf 89' lang='lat' dir='ltr'><strong>necat</strong></span> <span class='ocrx_word' id='word_1_102' title='bbox 572 2851 612 2861; x_wconf 88' lang='lat'><em>-</em></span> <span class='ocrx_word' id='word_1_103' title='bbox 628 2837 673 2885; x_wconf 91' lang='lat' dir='ltr'><strong>ne</strong></span> <span class='ocrx_word' id='word_1_104' title='bbox 686 2816 983 2900; x_wconf 81' lang='lat' dir='ltr'><strong>trigonocephalus</strong></span> <span class='ocrx_word' id='word_1_105' title='bbox 998 2815 1145 2899; x_wconf 88' lang='lat' dir='ltr'><strong>quidem.</strong></span> <span class='ocrx_word' id='word_1_106' title='bbox 1183 2815 1333 2885; x_wconf 87' lang='lat' dir='ltr'><strong>Misellus</strong></span> <span class='ocrx_word' id='word_1_107' title='bbox 1348 2815 1404 2884; x_wconf 93' lang='lat' dir='ltr'><strong>ille</strong></span> 
     </span>
    </p>
   </div>
   <div class='ocr_carea' id='block_1_5' title="bbox 405 2915 1154 3098">
    <p class='ocr_par' dir='ltr' id='par_1_12' title="bbox 405 2915 1154 3098">
     <span class='ocr_line' id='line_1_21' title="bbox 405 2915 1154 2986; baseline 0.001 -2"><span class='ocrx_word' id='word_1_108' title='bbox 405 2917 478 2985; x_wconf 80' lang='lat' dir='ltr'><strong>fere</strong></span> <span class='ocrx_word' id='word_1_109' title='bbox 494 2915 612 2986; x_wconf 89' lang='lat' dir='ltr'><strong>eodem</strong></span> <span class='ocrx_word' id='word_1_110' title='bbox 627 2916 699 2985; x_wconf 91' lang='lat' dir='ltr'><strong>loco</strong></span> <span class='ocrx_word' id='word_1_111' title='bbox 713 2916 772 2986; x_wconf 93' lang='lat' dir='ltr'><strong>ubi</strong></span> <span class='ocrx_word' id='word_1_112' title='bbox 787 2917 875 2986; x_wconf 87' lang='lat' dir='ltr'><strong>ictus</strong></span> <span class='ocrx_word' id='word_1_113' title='bbox 890 2924 964 2986; x_wconf 89' lang='lat' dir='ltr'><strong>erat</strong></span> <span class='ocrx_word' id='word_1_114' title='bbox 978 2916 1154 2986; x_wconf 87' lang='lat' dir='ltr'><strong>concidit.”</strong></span> 
     </span>
     <span class='ocr_line' id='line_1_22' title="bbox 490 3013 838 3098; baseline 0.006 -14"><span class='ocrx_word' id='word_1_115' title='bbox 490 3013 623 3098; x_wconf 84' lang='lat' dir='ltr'><strong>“Equid</strong></span> <span class='ocrx_word' id='word_1_116' title='bbox 636 3023 712 3084; x_wconf 94' lang='lat' dir='ltr'><strong>tum</strong></span> <span class='ocrx_word' id='word_1_117' title='bbox 727 3017 838 3087; x_wconf 79' lang='lat' dir='ltr'><strong>fuit?”</strong></span> 
     </span>
    </p>
   </div>
   <div class='ocr_carea' id='block_1_6' title="bbox 407 3114 1408 4196">
    <p class='ocr_par' dir='ltr' id='par_1_13' title="bbox 407 3114 1405 3286">
     <span class='ocr_line' id='line_1_23' title="bbox 489 3114 1405 3198; baseline -0.001 -14"><span class='ocrx_word' id='word_1_118' title='bbox 489 3114 640 3198; x_wconf 78' lang='lat' dir='ltr'><strong>Godrrey</strong></span> <span class='ocrx_word' id='word_1_119' title='bbox 655 3115 781 3186; x_wconf 87' lang='lat' dir='ltr'><strong>iterum</strong></span> <span class='ocrx_word' id='word_1_120' title='bbox 795 3123 929 3186; x_wconf 87' lang='lat' dir='ltr'><strong>erectus</strong></span> <span class='ocrx_word' id='word_1_121' title='bbox 944 3116 1093 3186; x_wconf 83' lang='lat' dir='ltr'><strong>sedebat.</strong></span> <span class='ocrx_word' id='word_1_122' title='bbox 1129 3117 1202 3185; x_wconf 93' lang='lat' dir='ltr'><strong>Iam</strong></span> <span class='ocrx_word' id='word_1_123' title='bbox 1226 3136 1294 3184; x_wconf 90' lang='lat' dir='ltr'><strong>non</strong></span> <span class='ocrx_word' id='word_1_124' title='bbox 1319 3114 1405 3183; x_wconf 89' lang='lat' dir='ltr'><strong>ride·</strong></span> 
     </span>
     <span class='ocr_line' id='line_1_24' title="bbox 407 3215 1006 3286; baseline 0 -1"><span class='ocrx_word' id='word_1_125' title='bbox 407 3215 475 3285; x_wconf 92' lang='lat' dir='ltr'><strong>bat.</strong></span> <span class='ocrx_word' id='word_1_126' title='bbox 497 3215 606 3284; x_wconf 89' lang='lat' dir='ltr'><strong>Vultu</strong></span> <span class='ocrx_word' id='word_1_127' title='bbox 622 3222 696 3284; x_wconf 89' lang='lat' dir='ltr'><strong>erat</strong></span> <span class='ocrx_word' id='word_1_128' title='bbox 710 3215 894 3286; x_wconf 87' lang='lat' dir='ltr'><strong>admodum</strong></span> <span class='ocrx_word' id='word_1_129' title='bbox 909 3217 1006 3286; x_wconf 89' lang='lat' dir='ltr'><strong>serio.</strong></span> 
     </span>
    </p>

    <p class='ocr_par' dir='ltr' id='par_1_14' title="bbox 407 3312 1408 4196">
     <span class='ocr_line' id='line_1_25' title="bbox 491 3312 1406 3399; baseline 0.001 -17"><span class='ocrx_word' id='word_1_130' title='bbox 491 3312 583 3383; x_wconf 89' lang='lat' dir='ltr'><strong>“Hoc</strong></span> <span class='ocrx_word' id='word_1_131' title='bbox 606 3314 718 3398; x_wconf 91' lang='lat' dir='ltr'><strong>ipsum</strong></span> <span class='ocrx_word' id='word_1_132' title='bbox 744 3323 796 3385; x_wconf 86' lang='lat' dir='ltr'><strong>est</strong></span> <span class='ocrx_word' id='word_1_133' title='bbox 822 3314 913 3398; x_wconf 87' lang='lat' dir='ltr'><strong>quod</strong></span> <span class='ocrx_word' id='word_1_134' title='bbox 937 3316 1111 3399; x_wconf 90' lang='lat' dir='ltr'><strong>explorare</strong></span> <span class='ocrx_word' id='word_1_135' title='bbox 1134 3336 1249 3398; x_wconf 84' lang='lat' dir='ltr'><strong>pergo,</strong></span> <span class='ocrx_word' id='word_1_136' title='bbox 1264 3314 1311 3382; x_wconf 93' lang='lat' dir='ltr'><strong>mi</strong></span> <span class='ocrx_word' id='word_1_137' title='bbox 1326 3314 1406 3383; x_wconf 92' lang='lat' dir='ltr'><strong>Les·</strong></span> 
     </span>
     <span class='ocr_line' id='line_1_26' title="bbox 407 3413 1404 3499; baseline 0 -17"><span class='ocrx_word' id='word_1_138' title='bbox 407 3414 491 3497; x_wconf 89' lang='lat' dir='ltr'><strong>ter,&#39;’</strong></span> <span class='ocrx_word' id='word_1_139' title='bbox 506 3414 635 3497; x_wconf 88' lang='lat' dir='ltr'><strong>inquit;</strong></span> <span class='ocrx_word' id='word_1_140' title='bbox 659 3413 783 3498; x_wconf 90' lang='lat' dir='ltr'><strong>“atque</strong></span> <span class='ocrx_word' id='word_1_141' title='bbox 798 3416 861 3485; x_wconf 91' lang='lat' dir='ltr'><strong>hoc</strong></span> <span class='ocrx_word' id='word_1_142' title='bbox 876 3423 928 3486; x_wconf 87' lang='lat' dir='ltr'><strong>est</strong></span> <span class='ocrx_word' id='word_1_143' title='bbox 943 3417 1116 3499; x_wconf 77' lang='lat' dir='ltr'><strong>problema</strong></span> <span class='ocrx_word' id='word_1_144' title='bbox 1142 3415 1233 3499; x_wconf 86' lang='lat' dir='ltr'><strong>quod</strong></span> <span class='ocrx_word' id='word_1_145' title='bbox 1258 3414 1341 3482; x_wconf 93' lang='lat' dir='ltr'><strong>mihi</strong></span> <span class='ocrx_word' id='word_1_146' title='bbox 1360 3414 1404 3483; x_wconf 90' lang='lat' dir='ltr'><strong>ad</strong></span> 
     </span>
     <span class='ocr_line' id='line_1_27' title="bbox 407 3512 1403 3598; baseline -0.001 -15"><span class='ocrx_word' id='word_1_147' title='bbox 407 3512 608 3583; x_wconf 86' lang='lat' dir='ltr'><strong>solvendum</strong></span> <span class='ocrx_word' id='word_1_148' title='bbox 633 3516 802 3598; x_wconf 87' lang='lat' dir='ltr'><strong>praeposui</strong></span> <span class='ocrx_word' id='word_1_149' title='bbox 826 3524 926 3586; x_wconf 89' lang='lat' dir='ltr'><strong>—et</strong></span> <span class='ocrx_word' id='word_1_150' title='bbox 952 3516 1077 3586; x_wconf 91' lang='lat' dir='ltr'><strong>bellum</strong></span> <span class='ocrx_word' id='word_1_151' title='bbox 1104 3515 1250 3598; x_wconf 87' lang='lat' dir='ltr'><strong>quidem.</strong></span> <span class='ocrx_word' id='word_1_152' title='bbox 1288 3515 1403 3584; x_wconf 93' lang='lat' dir='ltr'><strong>Unum</strong></span> 
     </span>
     <span class='ocr_line' id='line_1_28' title="bbox 408 3613 1406 3686; baseline -0.003 -2"><span class='ocrx_word' id='word_1_153' title='bbox 408 3614 589 3684; x_wconf 87' lang='lat' dir='ltr'><strong>dumtaxat</strong></span> <span class='ocrx_word' id='word_1_154' title='bbox 603 3622 655 3684; x_wconf 87' lang='lat' dir='ltr'><strong>est</strong></span> <span class='ocrx_word' id='word_1_155' title='bbox 677 3623 811 3685; x_wconf 82' lang='lat' dir='ltr'><strong>certum</strong></span> <span class='ocrx_word' id='word_1_156' title='bbox 825 3617 1051 3686; x_wconf 85' lang='lat' dir='ltr'><strong>—homullus</strong></span> <span class='ocrx_word' id='word_1_157' title='bbox 1076 3615 1129 3684; x_wconf 93' lang='lat' dir='ltr'><strong>ille</strong></span> <span class='ocrx_word' id='word_1_158' title='bbox 1153 3635 1261 3685; x_wconf 65' lang='lat' dir='ltr'><strong>cauus</strong></span> <span class='ocrx_word' id='word_1_159' title='bbox 1285 3621 1337 3683; x_wconf 89' lang='lat' dir='ltr'><strong>est</strong></span> <span class='ocrx_word' id='word_1_160' title='bbox 1358 3613 1406 3682; x_wconf 90' lang='lat' dir='ltr'><strong>in·</strong></span> 
     </span>
     <span class='ocr_line' id='line_1_29' title="bbox 407 3715 1406 3798; baseline 0 -16"><span class='ocrx_word' id='word_1_161' title='bbox 407 3720 568 3783; x_wconf 88' lang='lat' dir='ltr'><strong>terventu</strong></span> <span class='ocrx_word' id='word_1_162' title='bbox 584 3722 756 3798; x_wconf 84' lang='lat' dir='ltr'><strong>extraneo,</strong></span> <span class='ocrx_word' id='word_1_163' title='bbox 772 3737 840 3785; x_wconf 91' lang='lat' dir='ltr'><strong>non</strong></span> <span class='ocrx_word' id='word_1_164' title='bbox 856 3738 927 3786; x_wconf 89' lang='lat' dir='ltr'><strong>suo.</strong></span> <span class='ocrx_word' id='word_1_165' title='bbox 950 3716 1058 3786; x_wconf 88' lang='lat' dir='ltr'><strong>Gutta</strong></span> <span class='ocrx_word' id='word_1_166' title='bbox 1072 3737 1151 3798; x_wconf 89' lang='lat' dir='ltr'><strong>una,</strong></span> <span class='ocrx_word' id='word_1_167' title='bbox 1167 3716 1222 3784; x_wconf 92' lang='lat' dir='ltr'><strong>vel</strong></span> <span class='ocrx_word' id='word_1_168' title='bbox 1236 3715 1322 3797; x_wconf 87' lang='lat' dir='ltr'><strong>plus,</strong></span> <span class='ocrx_word' id='word_1_169' title='bbox 1348 3736 1406 3783; x_wconf 90' lang='lat' dir='ltr'><strong>ve·</strong></span> 
     </span>
     <span class='ocr_line' id='line_1_30' title="bbox 407 3813 1407 3899; baseline 0 -17"><span class='ocrx_word' id='word_1_170' title='bbox 407 3813 487 3882; x_wconf 89' lang='lat' dir='ltr'><strong>neni</strong></span> <span class='ocrx_word' id='word_1_171' title='bbox 502 3813 571 3883; x_wconf 79' lang='lat' dir='ltr'><strong>fuit</strong></span> <span class='ocrx_word' id='word_1_172' title='bbox 585 3813 718 3896; x_wconf 81' lang='lat' dir='ltr'><strong>ingesta</strong></span> <span class='ocrx_word' id='word_1_173' title='bbox 733 3815 891 3899; x_wconf 76' lang='lat' dir='ltr'><strong>sanguini</strong></span> <span class='ocrx_word' id='word_1_174' title='bbox 906 3816 980 3885; x_wconf 87' lang='lat' dir='ltr'><strong>eius</strong></span> <span class='ocrx_word' id='word_1_175' title='bbox 994 3838 1057 3899; x_wconf 88' lang='lat' dir='ltr'><strong>ope</strong></span> <span class='ocrx_word' id='word_1_176' title='bbox 1071 3813 1271 3885; x_wconf 82' lang='lat' dir='ltr'><strong>ferramenti</strong></span> <span class='ocrx_word' id='word_1_177' title='bbox 1295 3813 1407 3883; x_wconf 87' lang='lat' dir='ltr'><strong>cuius·</strong></span> 
     </span>
     <span class='ocr_line' id='line_1_31' title="bbox 408 3914 1406 3998; baseline -0.001 -15"><span class='ocrx_word' id='word_1_178' title='bbox 408 3914 488 3983; x_wconf 90' lang='lat' dir='ltr'><strong>dam</strong></span> <span class='ocrx_word' id='word_1_179' title='bbox 514 3920 690 3996; x_wconf 87' lang='lat' dir='ltr'><strong>tamquam</strong></span> <span class='ocrx_word' id='word_1_180' title='bbox 718 3937 800 3985; x_wconf 88' lang='lat' dir='ltr'><strong>acus</strong></span> <span class='ocrx_word' id='word_1_181' title='bbox 826 3917 1063 3998; x_wconf 87' lang='lat' dir='ltr'><strong>subcutaneae;</strong></span> <span class='ocrx_word' id='word_1_182' title='bbox 1099 3923 1204 3997; x_wconf 87' lang='lat' dir='ltr'><strong>atque</strong></span> <span class='ocrx_word' id='word_1_183' title='bbox 1232 3935 1406 3983; x_wconf 90' lang='lat' dir='ltr'><strong>venenum</strong></span> 
     </span>
     <span class='ocr_line' id='line_1_32' title="bbox 408 4012 1408 4098; baseline 0.001 -17"><span class='ocrx_word' id='word_1_184' title='bbox 408 4012 477 4082; x_wconf 84' lang='lat' dir='ltr'><strong>fuit</strong></span> <span class='ocrx_word' id='word_1_185' title='bbox 491 4019 563 4082; x_wconf 87' lang='lat' dir='ltr'><strong>tam</strong></span> <span class='ocrx_word' id='word_1_186' title='bbox 579 4013 798 4097; x_wconf 87' lang='lat' dir='ltr'><strong>virulentum,</strong></span> <span class='ocrx_word' id='word_1_187' title='bbox 812 4023 853 4085; x_wconf 91' lang='lat' dir='ltr'><strong>ut</strong></span> <span class='ocrx_word' id='word_1_188' title='bbox 867 4017 941 4085; x_wconf 80' lang='lat' dir='ltr'><strong>fere</strong></span> <span class='ocrx_word' id='word_1_189' title='bbox 965 4017 1036 4087; x_wconf 92' lang='lat' dir='ltr'><strong>ictu</strong></span> <span class='ocrx_word' id='word_1_190' title='bbox 1052 4015 1139 4084; x_wconf 90' lang='lat' dir='ltr'><strong>oculi</strong></span> <span class='ocrx_word' id='word_1_191' title='bbox 1153 4014 1321 4098; x_wconf 88' lang='lat' dir='ltr'><strong>paralysin</strong></span> <span class='ocrx_word' id='word_1_192' title='bbox 1337 4035 1408 4083; x_wconf 89' lang='lat' dir='ltr'><strong>cor-</strong></span> 
     </span>
     <span class='ocr_line' id='line_1_33' title="bbox 408 4111 1407 4196; baseline 0 -14"><span class='ocrx_word' id='word_1_193' title='bbox 408 4111 461 4182; x_wconf 89' lang='lat' dir='ltr'><strong>dis</strong></span> <span class='ocrx_word' id='word_1_194' title='bbox 475 4113 661 4183; x_wconf 87' lang='lat' dir='ltr'><strong>induceret.</strong></span> <span class='ocrx_word' id='word_1_195' title='bbox 683 4114 813 4185; x_wconf 90' lang='lat' dir='ltr'><strong>Tamen</strong></span> <span class='ocrx_word' id='word_1_196' title='bbox 828 4115 892 4185; x_wconf 93' lang='lat' dir='ltr'><strong>hoc</strong></span> <span class='ocrx_word' id='word_1_197' title='bbox 906 4137 974 4185; x_wconf 90' lang='lat' dir='ltr'><strong>non</strong></span> <span class='ocrx_word' id='word_1_198' title='bbox 996 4116 1080 4186; x_wconf 92' lang='lat' dir='ltr'><strong>adeo</strong></span> <span class='ocrx_word' id='word_1_199' title='bbox 1095 4115 1221 4184; x_wconf 91' lang='lat' dir='ltr'><strong>mirum</strong></span> <span class='ocrx_word' id='word_1_200' title='bbox 1236 4121 1288 4184; x_wconf 87' lang='lat' dir='ltr'><strong>est</strong></span> <span class='ocrx_word' id='word_1_201' title='bbox 1303 4134 1407 4196; x_wconf 87' lang='lat' dir='ltr'><strong>quam</strong></span> 
     </span>
    </p>
   </div>
   <div class='ocr_carea' id='block_1_7' title="bbox 0 0 1776 5156">
    <p class='ocr_par' dir='ltr' id='par_1_15' title="bbox 0 0 1776 5156">
     <span class='ocr_line' id='line_1_34' title="bbox 0 0 1776 5156; baseline 0 0"><span class='ocrx_word' id='word_1_202' title='bbox 0 0 1776 5156; x_wconf 95' lang='lat' dir='ltr'><strong> </strong></span> 
     </span>
    </p>
   </div>
  </div>
 </body>
</html>
