3554 5156
450 849 493 922 80
709 867 919 923 ursmarum
941 867 1049 922 Anca
1069 861 1188 922 nomn

536 1033 639 1119 “Iam,
662 1036 710 1106 mi
735 1036 825 1106 Here
849 1037 978 1118 Lester,
999 1058 1078 1120 quae
1099 1036 1182 1106 scivi
1204 1037 1318 1106 fassus
1340 1035 1448 1117 sum,'’

451 1135 625 1219 respondit
639 1136 779 1220 Rogers,
794 1137 852 1206 sed
868 1137 994 1206 obtutu
1017 1138 1132 1206 oculos
1153 1158 1248 1206 meos
1271 1134 1448 1206 devitavit

449 1234 521 1310 “Et
528 1258 691 1320 perquam
707 1258 762 1306 me
777 1237 865 1306 male
880 1236 999 1306 habeo.
1015 1235 1129 1308 Satius
1153 1237 1308 1307 existimo
1332 1257 1388 1304 me
1412 1235 1447 1306 in

448 1337 576 1406 lectum
589 1337 776 1408 conferre.”

534 1450 594 1523 “Id
609 1475 690 1523 sane
704 1453 911 1537 praestabit,”
938 1453 1054 1524 statim
1076 1453 1261 1524 assentitur
1286 1450 1447 1533 Godfrey.

450 1550 581 1622 “Parks
595 1553 655 1623 tibi
670 1551 780 1624 aderit
789 1555 820 1637 ;’'
831 1560 867 1625 et
882 1575 1024 1624 manum
1038 1552 1082 1624 ad
1098 1553 1325 1638 recipiendam
1339 1551 1449 1634 effigi-

452 1675 506 1722 em
520 1653 703 1737 protendit.

535 1771 665 1854 Rogers
680 1791 755 1840 earn
770 1772 853 1842 satis
867 1771 998 1842 invitus
1022 1770 1179 1842 reddidit.
1202 1769 1343 1841 Interim
1359 1766 1448 1838 labia

451 1871 595 1955 aperuit,
610 1871 677 1942 acsi
693 1871 775 1954 quid
798 1872 908 1942 dicere
921 1871 1080 1954 haberet;
1095 1869 1154 1941 sed
1168 1871 1293 1940 iterum
1318 1867 1447 1949 clausit,

450 1993 490 2042 ac
504 1971 713 2055 pedetentim
727 1993 764 2041 se
779 1971 887 2042 Parks
899 1973 1088 2057 opitulante
1103 1972 1221 2041 erexit.

534 2086 684 2171 “Valete,
698 2089 765 2158 mei
783 2089 875 2172 Heri,
886 2089 1105 2172 faustamque
1128 2088 1225 2157 vobis
1247 2109 1366 2172 precor
1385 2107 1443 2156 no

450 2189 572 2270 ctem,”
590 2190 687 2258 fatur
705 2196 892 2272 mansuete,
912 2211 1016 2272 seque
1041 2210 1144 2271 opera
1167 2188 1275 2258 Parks
1295 2209 1315 2257 e
1334 2187 1446 2257 medio

451 2289 599 2360 sustulit.

440 2414 446 2427 ·
536 2387 643 2458 “Ecce
656 2387 685 2457 !’'
700 2388 774 2458 dico
790 2389 950 2473 Godirev,
966 2386 1068 2472 “quid
1084 2387 1146 2457 tibi
1160 2388 1225 2458 hac
1239 2388 1281 2458 de
1297 2410 1334 2457 re
1357 2384 1448 2457 vide·

452 2496 512 2558 tur
519 2488 556 2557 ?''

535 2585 684 2672 “Utique
698 2587 873 2658 mentitur.
896 2588 1034 2658 Iuvabit
1048 2609 1111 2658 nos
1124 2587 1312 2671 comperire
1339 2608 1447 2670 quare

451 2686 647 2768 mentiatur,
658 2689 842 2771 facereque
853 2695 894 2757 ut
909 2687 1091 2772 resipiscat
1103 2688 1275 2758 Caeterum
1290 2709 1367 2756 sera
1380 2687 1447 2756 iarn

451 2794 504 2857 est
517 2809 586 2856 nox
597 2822 638 2831 -
653 2786 785 2856 officina
799 2809 854 2856 me
869 2789 1095 2871 praestolatur.
1105 2787 1232 2868 Unum,
1247 2787 1392 2856 verbum
1400 2784 1448 2855 mi

450 2889 570 2957 Lester
583 2922 624 2932 -
638 2907 721 2956 cave
736 2887 866 2971 Rogers
880 2887 1035 2957 evadat”

533 3001 689 3072 “Faciam
702 3009 744 3072 ut
758 3004 822 3073 sub
837 3003 942 3073 oculis
957 3004 1032 3086 sit,’'
1047 3003 1093 3072 illi
1109 3003 1257 3087 promisi.
1274 3002 1370 3085 “Ego
1385 3024 1442 3071 ve·

449 3125 487 3174 ro
502 3103 594 3172 haud
609 3110 694 3186 puto
707 3124 787 3172 eum
802 3103 957 3186 effugere
972 3104 1108 3173 audere.
1136 3104 1227 3188 Quin
1241 3111 1278 3172 et
1287 3103 1361 3172 fieri
1375 3109 1449 3185 pot·

450 3210 504 3273 est
526 3223 607 3272 eum
632 3223 753 3272 verum
776 3202 907 3272 dixisse.
940 3204 1012 3273 Nec
1036 3204 1190 3287 profecto
1217 3203 1318 3274 credo
1344 3203 1448 3272 ullam

448 3302 625 3372 mulierem
641 3301 828 3384 quidquam
843 3323 1023 3372 commune
1046 3324 1126 3372 cum
1149 3303 1313 3372 utralibet
1338 3309 1448 3372 morte

449 3401 638 3472 habuisse.”

533 3517 693 3599 Godirev,
709 3524 750 3586 ut
764 3517 831 3586 iarn
846 3525 921 3587 erat
935 3518 1154 3600 discessurus,
1179 3541 1214 3588 se
1241 3517 1356 3599 vertit,
1379 3539 1449 3587 me·

449 3640 517 3702 que
531 3617 695 3686 intuetur.

532 3714 637 3799 “Quis
650 3736 731 3799 ergo
746 3714 780 3785 id
795 3719 946 3798 patravit
954 3718 990 3787 ?'’
1006 3719 1139 3802 quaerit.

533 3815 587 3884 “N
589 3837 643 3884 em
645 3815 695 3883 0.θῖ

532 3930 643 4014 “Quid
656 3932 673 4000 ἲ
687 3953 815 4013 ergone
828 3940 929 4014 putas
944 3941 1130 4017 utrumque
1146 3934 1207 4003 sibi
1233 3941 1305 4003 tarn
1321 3934 1448 4003 absono

449 4031 549 4104 modo
564 4036 709 4099 mortem
724 4029 905 4100 adscivisse
919 4034 955 4102 ?'’

533 4129 632 4202 “Non
658 4137 760 4214 puto,
787 4151 855 4204 non
880 4140 980 4203 erant
1005 4133 1145 4206 suicidia
1160 4169 1201 4180 -
1216 4134 1294 4208 caesi
1309 4141 1391 4208 sunt
1407 4169 1448 4182 -
