3502 5158
429 852 471 922 66
686 870 898 925 ursmarum
919 871 1026 925 Arce
1047 865 1165 926 eoum

427 1037 546 1107 locata.
569 1037 639 1108 lllic
653 1060 694 1108 ea
709 1039 822 1109 stabat
836 1038 972 1110 radians
996 1061 1058 1110 sua
1083 1040 1257 1124 arroganti
1282 1039 1427 1123 pulchn'·

429 1137 558 1220 tudine,
574 1160 712 1221 prorsus
726 1161 780 1210 res
794 1161 856 1223 per
870 1162 906 1209 se
920 1141 1001 1210 sola.

513 1254 677 1337 Quisnam
703 1257 824 1326 adiunt
848 1257 996 1327 Vantine
1018 1258 1053 1326 in
1080 1280 1158 1327 eum
1185 1259 1297 1327 locum
1313 1279 1425 1326 arcam
1510 1249 1511 1258 ’

429 1354 622 1425 movendo?
637 1356 832 1439 quaerebam
848 1357 891 1426 ab
906 1357 979 1440 ipso
993 1379 1048 1426 me
1062 1357 1215 1427 miratus,
1231 1359 1264 1426 N
1266 1380 1304 1427 ec
1320 1357 1427 1426 Parks

428 1475 490 1524 nec
506 1455 635 1538 Rogers
649 1464 882 1526 memorarunt
897 1480 933 1527 se
948 1458 981 1527 id
996 1458 1126 1528 fecisse.
1163 1459 1250 1528 Hinc
1265 1479 1320 1526 me
1335 1465 1427 1526 retro

428 1553 463 1623 in
478 1556 637 1626 conclave
651 1557 814 1626 converti.

512 1673 642 1756 Rogers
656 1695 765 1757 usque
780 1675 815 1744 in
830 1675 911 1745 sella
925 1675 1064 1745 sedebat
1078 1682 1274 1745 contractus
1289 1681 1324 1744 et
1334 1697 1427 1758 pror-

430 1793 505 1842 sum
521 1773 694 1856 inclinans,
710 1775 812 1846 vultu
826 1776 946 1859 palmis
961 1775 1106 1858 obtecto,
1122 1782 1157 1845 et
1172 1798 1279 1859 quum
1295 1797 1375 1844 eum
1390 1775 1425 1844 in

428 1871 573 1942 humero
587 1875 767 1944 attrectavi
792 1896 936 1945 nervoso
961 1883 1059 1945 motu
1083 1898 1163 1946 eum
1185 1875 1427 1946 contremuisse

429 1994 528 2042 sensi.

513 2071 574 2156 “0‚
590 2080 674 2144 tune
688 2075 717 2144 is
732 2097 777 2158 es,
792 2075 839 2144 mi
854 2076 945 2146 Here
959 2075 1123 2147 Lester?''
1139 2076 1263 2159 quaerit
1287 2077 1427 2158 profun-

429 2172 473 2243 do
487 2174 617 2256 spiritu.
633 2172 794 2256 “Ignosce
808 2177 902 2258 mihi,
915 2177 983 2246 iam
999 2199 1062 2247 nec
1077 2198 1153 2246 sum
1168 2178 1240 2259 ipse
1254 2176 1349 2258 ego.'’

512 2288 734 2374 “perspicio”
759 2293 915 2376 respondi
942 2294 989 2363 illi
1013 2294 1143 2376 leniter,
1173 2293 1325 2362 animum
1354 2292 1427 2361 eius

430 2390 633 2474 demulcens,
649 2390 731 2462 “nec
746 2395 859 2462 miror.
881 2395 1042 2476 Quaerere
1057 2400 1194 2462 tantum
1215 2393 1370 2462 volebam
1386 2427 1426 2436 -

429 2498 514 2559 tune
537 2491 640 2561 ullam
665 2493 905 2575 supellectilem
928 2493 963 2563 in
989 2515 1030 2563 eo
1053 2493 1208 2563 cubiculo
1223 2514 1361 2562 movere
1379 2491 1427 2560 iu·

430 2589 510 2660 visti
521 2591 558 2659 ?'’

514 2688 633 2760 “Anne
647 2713 784 2762 movere
800 2692 955 2776 iuverim,
971 2693 1018 2762 mi
1032 2693 1167 2762 Here?”

514 2788 670 2861 “Mutare
685 2791 822 2864 scillicet
835 2793 946 2863 locum
961 2792 1024 2863 hoc
1050 2792 1302 2875 postmeridiem
1327 2790 1428 2861 ullius

431 2892 645 2974 supellectilis
653 2891 690 2961 ?''

515 3007 613 3079 “Non
639 3031 719 3093 ego;
741 3032 785 3080 ne
811 3011 915 3079 ullam
941 3009 1079 3093 quidem
1105 3031 1222 3079 earum
1239 3029 1365 3090 rerum,
1382 3007 1428 3077 mi

431 3108 532 3190 Here,
548 3110 761 3179 attrectavi.’'
994 3117 999 3127 '

513 3225 625 3295 “Bene
641 3225 748 3309 igitur
762 3227 845 3309 est‚”
860 3227 1026 3309 respondi,
1043 3234 1202 3309 retroque
1224 3227 1258 3294 in
1282 3226 1428 3294 alterum

429 3333 546 3395 vertor
561 3326 765 3396 cubiculum.

513 3443 660 3512 Vantine
674 3443 756 3512 mihi
770 3443 841 3526 ipse
870 3444 1073 3513 memoravit
1095 3465 1130 3512 se
1158 3443 1266 3525 primo
1292 3463 1428 3524 quoque

430 3550 583 3626 tempore
598 3552 788 3626 opportuno
803 3565 917 3613 arcam
933 3545 1189 3626 exploraturum
1211 3543 1253 3611 ad
1279 3543 1429 3611 minutas

430 3651 561 3728 partem
583 3643 721 3712 memini
744 3643 847 3712 etiam
868 3643 1155 3727 quemadmodum
1182 3643 1268 3712 oculi
1294 3643 1356 3710 sibi
1377 3663 1428 3709 ar-

429 3767 505 3815 cam
520 3744 723 3826 aspectando
738 3743 968 3825 refulsissent;
1005 3743 1290 3826 quemadmodum
1306 3763 1429 3810 manus

430 3845 492 3914 sibi
518 3865 604 3927 opus
627 3843 800 3914 musivum
823 3843 1000 3913 mulcendo
1023 3844 1250 3912 tremuissent.
1287 3843 1428 3910 Nullum

429 3943 537 4027 igitur
551 3965 624 4013 esse
638 3949 750 4025 potest
762 3943 904 4012 dubium
915 3943 997 4026 quin
1008 3944 1087 4012 huic
1109 3941 1329 4024 explorationi
1355 3942 1430 4010 fue-

431 4045 476 4114 rit
490 4044 642 4112 intentus
657 4065 764 4126 quum
778 4043 961 4113 clamorem
976 4043 1127 4113 mulieris
1150 4041 1328 4122 audiverit,
1345 4048 1380 4110 et
1392 4041 1428 4108 in

431 4143 608 4225 ambitum,
623 4141 703 4226 quid
719 4143 765 4212 ibi
780 4152 942 4226 ageretur
955 4150 1177 4226 compertum,
1192 4141 1344 4211 exiverit.
