3500 5158
612 891 708 946 nuno
729 891 835 946 neor
857 890 996 946 oavmu
1018 890 1104 946 mus
1271 869 1334 942 251

336 1061 519 1144 Olympico
534 1095 575 1106 -
591 1067 643 1130 est
658 1066 814 1141 eventus,
829 1081 933 1143 quem
959 1058 1125 1130 memoria
1146 1079 1215 1126 non
1235 1055 1334 1126 facile

337 1159 484 1232 deleas.”

431 1259 508 1331 “Lu
523 1262 648 1330 Sauoo‘e
663 1259 730 1330 iam
746 1260 795 1329 ita
809 1259 1003 1344 conquievit
1019 1266 1059 1328 ut
1078 1257 1243 1328 fluitando
1264 1264 1337 1326 tan·

332 1367 408 1430 tum
417 1381 453 1430 se
462 1367 581 1430 contra
595 1368 718 1430 aesturn
733 1361 925 1442 sustineret,
940 1381 1046 1443 quum
1062 1366 1161 1443 porta
1170 1357 1273 1428 unius
1287 1357 1336 1426 in·

333 1461 498 1530 seriorum
513 1461 670 1530 adituum
696 1460 982 1543 propandebatur.
1015 1459 1142 1529 Eodem
1167 1459 1242 1528 fere
1266 1479 1335 1528 mo

337 1565 453 1631 mento
467 1559 626 1629 navicula
641 1560 808 1642 pulsitans
822 1582 863 1630 eo
876 1559 1026 1641 accessit,
1052 1559 1233 1642 deligatur,
1255 1579 1336 1641 qua-

337 1666 417 1730 tuor
432 1660 497 1728 viri
512 1660 753 1742 conscendunt,
783 1681 823 1730 ac
837 1681 918 1730 mox
938 1660 1029 1730 intra
1051 1667 1184 1743 portam
1210 1680 1336 1728 evanu-

337 1767 449 1830 erunt.

421 1858 505 1941 “En,
520 1859 640 1929 medici
656 1859 914 1942 ascenderunt,”
929 1860 1039 1943 inquit
1056 1859 1216 1942 Godfrey.
1246 1857 1335 1928 “Illic

334 1968 451 2030 autem
466 1967 518 2029 est
532 1960 626 2029 celox
642 1960 802 2029 Francica
817 1960 860 2030 ad
874 1959 965 2030 latus
979 1959 1230 2043 progrediens.”

419 2058 597 2129 Heleiaria¹
611 2059 804 2128 moratoriae
819 2060 863 2129 ad
878 2060 1020 2142 puppim
1036 2060 1183 2140 recessit,
1194 2059 1336 2141 eiusque

335 2160 447 2230 locum
473 2160 567 2228 celox
592 2159 753 2228 Francica
777 2159 876 2242 cepit.
907 2159 989 2228 Post
1013 2159 1117 2229 breve
1132 2158 1336 2242 colloquium

335 2281 427 2329 unus
453 2281 495 2328 ex
521 2281 562 2328 ea
587 2259 621 2327 in
647 2267 781 2342 portam
797 2261 932 2329 levatus
945 2259 1089 2329 intravit
1103 2261 1331 2330 sabaudiam.

333 2360 496 2430 Nostram
511 2358 657 2442 denique
672 2359 781 2428 vicem
807 2360 925 2442 secuti,
941 2366 1017 2442 post
1032 2359 1207 2442 ingentem
1234 2380 1337 2442 aqua-

335 2481 414 2530 rum
428 2458 659 2529 turbationem
674 2481 712 2528 ac
735 2461 933 2542 tumultum,
954 2460 1045 2529 unde
1071 2480 1136 2541 ego
1162 2459 1336 2529 illisionem

334 2559 488 2641 verebar,
515 2581 576 2628 nos
602 2559 793 2628 subivimus
818 2567 972 2642 apertam
988 2566 1133 2643 portam,
1159 2558 1337 2642 celoceque

334 2666 461 2742 nostra,
476 2663 548 2729 οῐῐι2
574 2659 618 2728 ad
644 2680 706 2728 nos
729 2659 882 2741 traiecta,
906 2659 1086 2742 destinata,
1111 2659 1272 2741 sistimus,
1302 2665 1338 2729 et

335 2759 453 2843 paucis
466 2759 608 2829 minutis
623 2765 700 2842 post
714 2781 779 2841 ego
794 2767 829 2829 et
844 2759 1006 2842 Godfrey,
1031 2781 1110 2829 cum
1126 2759 1241 2829 alteris
1255 2758 1337 2829 duo-

335 2859 448 2929 busin
470 2865 642 2928 constrato
655 2859 794 2941 grandis
807 2859 968 2930 vectoriae
983 2880 1128 2929 eramus.

419 2957 534 3028 Salute
549 2959 639 3028 inter
653 2959 793 3028 comites
818 2981 912 3029 meos
937 2960 1209 3042 praefectumque
1229 2965 1337 3043 portae

336 3067 465 3142 apertae
480 3059 654 3142 utrimque
679 3059 760 3128 data
785 3081 824 3128 ac
850 3059 992 3142 reddita,
1019 3081 1081 3142 per
1105 3059 1337 3142 angustiorem

335 3164 470 3242 ageam³
483 3159 615 3242 gummi
631 3181 670 3230 ac
685 3159 810 3230 fervidi
836 3160 963 3229 metalb
989 3160 1106 3229 nidore
1129 3159 1337 3230 redolentem

335 3259 646 3343 progrediebamur,
662 3267 738 3329 tum
754 3282 891 3331 sursum
905 3281 966 3344 per
981 3259 1096 3344 plures
1121 3282 1240 3331 cursus
1261 3283 1338 3344 gra·

338 3358 456 3442 duum,
471 3359 576 3430 donec
590 3359 626 3428 in
640 3359 791 3443 principe
807 3368 904 3444 stega
915 3381 977 3444 per
987 3361 1126 3429 scalare⁴
1141 3358 1337 3431 medianum

437 3596 461 3647 1.
478 3592 644 3658 Holoiorio,
661 3609 705 3658 -ae,
721 3595 800 3648 navis
814 3601 856 3648 em
868 3611 929 3662 quae
943 3595 1033 3656 aliam,
1058 3594 1146 3648 veluti
1170 3593 1271 3658 balcio,
1293 3611 1338 3648 vo

336 3683 403 3730 cm.
435 3763 458 3814 2Ί
478 3759 550 3824 Oro,
567 3776 612 3824 -a,
629 3767 671 3814 est
682 3761 767 3824 funis,
781 3775 837 3825 quo
859 3763 938 3814 navis
954 3762 1098 3828 deligatur,
1121 3761 1274 3815 destinatur
1292 3762 1336 3814 vel

337 3851 480 3898 tractatur.

435 3931 460 3982 3.
473 3928 565 3994 Apso,
583 3943 628 3992 -ε,
644 3936 688 3983 est
699 3929 826 3990 ambitus,
840 3929 898 3982 sive
911 3929 986 3992 faux,
997 3928 1041 3982 vel
1055 3928 1099 3982 ria
1112 3929 1186 3982 inter
1199 3929 1336 3991 casterias,

336 4012 543 4149 &mk-pm
555 4097 635 4150 naula
648 4097 677 4150 in
691 4097 788 4158 medio,
800 4097 847 4150 ubl
858 4097 955 4150 mediae
966 4096 1055 4158 scalae,
1076 4097 1135 4150 slve
1157 4097 1265 4162 gradus,
1282 4113 1338 4154 sur.

333 4196 395 4235 aum
406 4179 518 4234 ducunt.
