3536 5156
619 893 772 948 suumn
788 893 948 952 vinnom
964 895 1175 952 sauuuarox
1332 883 1394 955 1⁶5

389 1059 530 1144 nuisset,
545 1059 632 1131 Duci
646 1097 683 1110 -—
703 1062 763 1146 qui
777 1069 869 1134 certe
883 1063 1119 1149 cupidissimus
1133 1087 1252 1136 earum
1266 1065 1392 1138 haben·

389 1159 510 1230 darum
524 1163 713 1233 censendus
726 1171 810 1249 erat,
824 1164 1008 1236 offerendae
1022 1165 1170 1236 fuissent
1178 1166 1209 1237 !”

471 1277 627 1349 Matrona
641 1281 754 1351 velata
768 1281 982 1365 aliquantum
995 1282 1174 1367 tremebat,
1195 1304 1387 1368 manusque

388 1377 465 1447 nisu
491 1379 639 1462 quodam
664 1382 811 1452 naturali
836 1381 880 1451 ad
905 1390 1034 1466 pectus,
1060 1391 1244 1467 expertura
1268 1391 1388 1455 utrum

389 1480 584 1564 manipulus
607 1481 808 1566 litterarum,
838 1489 880 1552 ut
908 1483 1169 1567 pretiosissimus
1193 1484 1386 1568 thesaurus,

389 1603 508 1652 revera
522 1581 557 1651 in
571 1589 651 1652 tuto
665 1589 763 1666 esset,
777 1583 911 1653 attollit.

470 1697 600 1770 “Nocte
614 1721 655 1770 ea
669 1699 704 1769 in
729 1699 872 1770 casteria
896 1701 1003 1783 mea,”
1029 1701 1178 1784 perrexit
1203 1701 1299 1786 lulia
1315 1700 1386 1773 “in-

390 1799 517 1870 somnis
531 1799 711 1870 volutabar
726 1799 978 1884 meditabunda,
994 1801 1092 1884 siquo
1107 1802 1209 1873 modo
1223 1823 1304 1872 eum
1318 1801 1378 1873 fru

386 1906 494 1970 strare
519 1921 669 1983 possem;
701 1900 793 1983 quod
818 1907 854 1971 et
878 1899 947 1970 iam
971 1900 1103 1972 dudum
1118 1923 1288 1972 senseram
1303 1923 1384 1979 eum

386 2000 478 2071 haud
503 2002 652 2071 multum
678 2023 733 2071 me
758 2022 878 2071 curare
903 2036 945 2047 -
970 2008 1006 2072 et
1028 2002 1119 2084 quod
1135 2003 1216 2072 satis
1230 2001 1385 2086 perspexi

386 2101 565 2184 pecuniam
579 2123 653 2171 eam
679 2102 715 2170 in
740 2101 840 2170 aliam
865 2102 1036 2184 quondam
1062 2101 1238 2174 mulierem
1259 2103 1386 2173 insum·

385 2208 484 2285 ptum
509 2201 559 2272 iri.
582 2201 693 2274 Statui
716 2200 823 2286 igitur
847 2201 958 2284 primo
982 2223 1119 2285 quoquc
1144 2210 1317 2274 momento
1338 2201 1382 2273 ad

384 2301 472 2371 hanc
486 2302 625 2372 domum
639 2323 830 2386 properare,
845 2323 918 2372 rem
932 2302 1101 2385 integram
1126 2302 1208 2373 hero
1233 2303 1381 2374 Vantine

385 2403 587 2486 patefacere,
603 2410 786 2486 petereque
801 2402 844 2472 ab
859 2423 899 2473 eo
922 2410 963 2473 ut
988 2402 1118 2474 litteras
1143 2402 1225 2473 mihi
1250 2425 1384 2474 concre-

383 2502 489 2587 deret,
504 2502 629 2587 quibus
643 2524 707 2586 ego
729 2503 773 2573 ad
794 2502 912 2572 heram
936 2501 1149 2585 advolarem
1182 2503 1264 2573 mihi
1289 2501 1380 2574 enirn

383 2611 505 2688 gratus
519 2603 592 2674 eius
607 2603 741 2673 animus
756 2603 859 2686 probe
875 2609 978 2672 notus
992 2602 1097 2685 erat,”
1120 2601 1297 2674 subiunxit
1319 2623 1382 2688 pu·

382 2706 454 2775 ella
477 2704 633 2776 “Etenim
648 2724 819 2788 quemque
844 2703 907 2774 sibi
932 2702 1112 2786 providum
1137 2723 1220 2786 esse,
1245 2710 1380 2774 nature

382 2813 591 2890 praeccptum
605 2805 688 2876 est''
1470 2899 1473 2903 Ι

465 2922 528 2993 Hic
543 2923 712 3007 paulisper
726 2921 880 3004 cessavit,
907 2920 942 2990 in
967 2919 1117 2991 conclavi
1142 2921 1379 3005 circumspexit

381 3024 572 3108 nostrisque
586 3022 740 3093 vultibus
753 3021 797 3091 ad
812 3043 848 3092 se
863 3021 1071 3092 audiendum
1094 3020 1265 3092 conversis
1289 3021 1379 3091 miri·

380 3124 443 3196 fioe
457 3123 616 3196 delectari
630 3121 821 3193 videbatur.

463 3241 562 3312 “Una
576 3241 755 3312 dumtaxat
769 3241 898 3311 virtute
912 3247 953 3310 tu
968 3245 1060 3310 certe
1074 3240 1187 3323 polles,
1208 3239 1378 3311 sincerita-

380 3343 433 3426 tis,
448 3341 603 3424 scilicet,”
617 3343 715 3412 fatur
728 3347 885 3411 matrona
902 3341 1024 3411 velata.
1046 3337 1274 3423 “Prosequere
1284 3339 1314 3409 !”

462 3475 658 3546 “Facultate
687 3474 879 3546 discedendi
907 3473 1040 3558 vesperi
1064 3480 1201 3544 tantum
1226 3473 1270 3544 ab
1294 3473 1378 3545 hera

379 3577 510 3662 nacta,’'
525 3575 638 3661 pergit
653 3575 748 3659 Iulia,
764 3575 851 3647 “huc
866 3574 1055 3660 properavi,
1078 3582 1117 3644 et
1130 3573 1198 3644 huc
1223 3575 1377 3658 perveni·

380 3701 441 3751 ens
455 3676 588 3763 pulsavi
602 3675 880 3758 tintinnabulum,
902 3676 1014 3747 fateor
1028 3681 1144 3744 tarnm
1165 3674 1296 3746 frustra
1317 3695 1374 3745 me

378 3788 542 3861 acturun,
555 3797 619 3847 nec
633 3777 708 3846 fore
732 3776 972 3860 ingressuram,
997 3773 1062 3845 nisi
1084 3773 1209 3846 ostium
1232 3774 1377 3846 maritus

378 3878 574 3965 aperuisset.
586 3877 676 3962 Quin
691 3877 795 3948 etiam
809 3883 989 3961 postquam
1004 3875 1156 3957 ingressa
1170 3895 1257 3958 sum,
1271 3874 1376 3946 etiam

377 3983 448 4066 ipse
463 3977 546 4049 mihi
560 3978 752 4062 ingressum
765 3977 809 4047 ad
824 3999 927 4048 suum
936 3977 1058 4050 herum
1068 3979 1209 4064 negavit
1217 4001 1226 4062 ;
1241 3997 1378 4049 verum·

378 4091 493 4154 tamen
508 4100 617 4163 quum
631 4077 673 4149 de
688 4099 824 4149 accessu
847 4077 1137 4164 disceptassemus,
1160 4079 1264 4151 herus
1287 4076 1378 4149 Van·

377 4203 449 4275 fine
462 4181 533 4268 ipse
548 4179 584 4250 in
598 4177 766 4250 ambitum
780 4179 885 4262 venit,
900 4186 977 4250 turn
991 4201 1056 4265 ego
1069 4181 1114 4252 ad
1128 4201 1209 4251 eum
1222 4175 1375 4262 confugi,
