3536 5156
592 950 710 1006 nanus
731 950 889 1005 arnano
911 951 1106 1006 conanum
1283 937 1345 1038 179

344 1118 541 1188 convenisse
557 1118 723 1200 gratulari
735 1119 817 1188 mihi
834 1141 977 1202 possem.
999 1119 1107 1190 Vultu
1122 1119 1345 1205 rubicundus,

344 1219 442 1287 claris
456 1219 571 1300 oculis,
587 1221 687 1302 plena
701 1219 808 1288 barba
823 1227 907 1301 atra,
923 1225 1018 1290 coma
1041 1222 1115 1290 fere
1142 1220 1215 1303 pice
1241 1221 1345 1306 nigri·

343 1319 392 1387 ori
409 1319 591 1401 -capillis
615 1341 702 1402 pone
726 1320 894 1388 auriculas
915 1321 964 1389 ita
985 1321 1156 1402 cincinnis,
1172 1327 1212 1390 ut
1228 1321 1342 1392 minus

344 1441 446 1501 quam
473 1418 730 1488 fascinatorium
754 1419 923 1502 appellare
946 1421 1039 1489 haud
1061 1421 1170 1489 ausim
1185 1420 1346 1504 -speci-

343 1541 398 1586 em
414 1518 589 1600 praebebat
604 1519 778 1588 immensae
793 1527 829 1589 et
843 1520 1047 1589 incredibilis
1061 1520 1240 1590 virilitatis.
1271 1521 1305 1590 N
1307 1543 1344 1590 ec

343 1618 461 1688 aberat
475 1618 511 1686 in
526 1618 646 1687 habitu
662 1619 735 1688 eius
748 1619 910 1688 indicium
925 1619 1018 1688 haud
1034 1620 1262 1702 ignorandum
1277 1621 1345 1691 cul-

344 1725 433 1787 turae
441 1740 449 1799 ;
465 1725 594 1800 gestus,
611 1725 752 1801 totaque
767 1719 913 1788 hominis
927 1727 1069 1788 externa
1084 1721 1211 1803 species
1226 1721 1345 1804 prode-

344 1819 426 1887 bant
443 1840 522 1887 eum
536 1820 685 1887 multum
700 1821 968 1901 peregrinatum,
992 1821 1103 1889 multa
1117 1820 1250 1904 vidisse,
1266 1842 1344 1890 con·

343 1917 561 1987 suetudinem
575 1920 773 2000 multorum,
789 1941 810 1988 a
825 1941 957 1988 summo
972 1920 1015 1989 ad
1036 1920 1142 1989 imum
1166 1927 1345 2004 expertum

343 2039 426 2100 esse,
441 2016 613 2086 homin'em
629 2018 776 2101 denique
791 2019 863 2087 haec
879 2019 993 2089 omnia
1013 2020 1215 2102 arguebant,
1240 2042 1343 2102 quem

343 2120 378 2185 in
393 2117 485 2186 nulla
507 2117 684 2186 hominum
709 2118 869 2187 societate
895 2119 1043 2187 atienum
1069 2119 1202 2188 dixeris
1233 2121 1345 2189 Nullis

342 2219 496 2298 profecto
511 2217 625 2286 verbis
649 2218 735 2287 meis
760 2219 930 2300 propriam
957 2219 1029 2287 eius
1054 2219 1177 2288 vividae
1192 2242 1345 2302 personae

342 2317 525 2398 imaginem
540 2317 728 2386 describere
744 2339 783 2386 ac
799 2318 940 2400 prodere
957 2340 1112 2401 possum;
1133 2325 1237 2401 atque
1251 2321 1345 2402 inge-

342 2439 411 2485 nue
425 2417 538 2486 fateor
553 2439 607 2486 me
624 2440 645 2486 a
658 2417 768 2499 primo
794 2421 952 2500 aspectus
967 2419 1040 2488 eius
1054 2427 1228 2488 momento
1243 2420 1286 2489 ab
1302 2441 1342 2489 eo

343 2516 506 2585 affectum
523 2525 627 2599 atque
649 2517 856 2586 fascinatum
879 2518 995 2587 fuisse.
1028 2518 1199 2588 Caeterum
1227 2519 1344 2589 etiam-

343 2638 426 2686 num
444 2619 585 2686 sumita
606 2617 769 2698 affectus;
801 2619 947 2686 fortasse
977 2617 1079 2687 etiam
1105 2619 1215 2702 magis
1240 2641 1344 2702 quam

343 2723 455 2797 antea,
471 2737 562 2785 nunc
579 2716 638 2785 ubi
662 2722 734 2785 tota
759 2717 900 2786 historia
923 2717 1007 2787 mihi
1032 2718 1143 2801 palam
1168 2725 1221 2787 est
1244 2727 1345 2789 -at

343 2815 442 2884 modo
458 2815 551 2884 scies.

426 2914 587 2997 “Anglice
613 2915 788 2998 perinepte
814 2917 928 2998 calleo,
954 2916 1043 2985 Here
1066 2918 1143 3000 mi,''
1165 2918 1343 2988 considens

345 3036 400 3082 me
414 3015 551 3083 affatur.
575 3013 630 3084 “Si
645 3023 685 3084 tu
701 3016 765 3084 scis
780 3016 940 3086 Francice
957 3070 964 3085 .
982 3071 990 3085 .
1008 3018 1036 3086 .’'

424 3113 499 3183 “Ne
515 3114 652 3183 dimidio
666 3115 804 3197 quidem
820 3123 966 3198 tantum,
982 3124 1152 3200 quantum
1168 3124 1208 3187 tu
1223 3119 1340 3201 Angli·

341 3213 410 3295 ce,’'
426 3214 584 3283 renidens
598 3216 764 3297 respondi.
787 3214 880 3286 “Hoc
895 3217 962 3286 iam
977 3218 1085 3302 prima
1099 3221 1161 3288 tua
1176 3219 1344 3288 sententia

341 3315 471 3382 clarum
487 3315 570 3384 est.”

425 3413 479 3483 “Si
495 3414 541 3482 sic
557 3436 611 3483 res
626 3436 662 3484 se
677 3415 812 3498 habeat,
827 3417 968 3487 tentabo
993 3425 1034 3487 ut
1056 3420 1225 3501 possum,”
1246 3420 1343 3488 fatur

341 3513 530 3595 subridens
558 3513 817 3599 “erroribusque
844 3517 1006 3600 ignosces.
1040 3518 1194 3588 Primum
1223 3520 1341 3602 igitur,

341 3613 430 3683 Here
446 3613 577 3696 Lester‚
592 3637 634 3683 ex
649 3623 746 3696 parte
761 3618 914 3686 Armand
929 3625 964 3687 et
980 3618 1047 3687 Fils
1060 3625 1221 3701 rogatum
1236 3627 1271 3689 te
1293 3641 1343 3688 es

340 3735 377 3782 se
391 3713 503 3796 velim,
520 3721 560 3783 ut
576 3736 724 3784 errorem
742 3723 813 3785 tam
828 3738 970 3798 gravem
985 3718 1186 3788 condones.”

424 3812 622 3884 “Reverane
638 3836 699 3898 per
714 3837 863 3885 errorem
879 3818 913 3886 id
927 3819 1060 3887 factum
1087 3826 1140 3888 est
1148 3819 1184 3887 ?''
1212 3839 1343 3901 quaero.

424 3912 511 3983 “Per
526 3937 685 3996 errorem,
697 3916 794 3985 nobis
805 3917 988 3994 admodum
997 3919 1258 3988 incommodum.
1272 3920 1344 3988 Nec

340 4015 397 4094 qui
413 4014 447 4082 id
462 4016 596 4083 factum
612 4015 656 4084 sit
669 4016 802 4084 scimus.
820 4017 902 4085 Mihi
918 4018 1026 4100 crede,
1043 4019 1089 4087 mi
1106 4019 1196 4088 Here
1212 4020 1343 4101 Lester‚

339 4135 406 4182 non
434 4135 506 4182 esse
532 4122 688 4184 nostrum
715 4138 846 4185 errores
876 4119 1104 4201 committere;
1136 4120 1272 4189 nomine
1294 4121 1342 4189 ita

339 4215 515 4296 claremus,
532 4223 572 4284 ut
587 4215 675 4285 iuste
689 4215 788 4285 liceat
803 4217 900 4286 nobis
915 4220 1108 4301 superbire;
1125 4242 1247 4290 verum
1261 4242 1341 4290 area
