3500 5158
418 869 482 942 294
681 883 890 940 Mls'l’ltmull
911 883 1019 940 arcu
1040 877 1160 939 somn

418 1053 588 1124 officinam
611 1060 764 1124 vestram
778 1075 840 1138 per
865 1053 1087 1139 telephonum
1110 1051 1260 1124 evocavi.
1282 1051 1423 1123 Concm·

417 1153 744 1283 natorurbauarum
766 1154 940 1225 nuntiavit
953 1160 990 1224 te
1005 1153 1234 1225 westchester
1257 1173 1331 1224 esse
1345 1152 1424 1222 mis

419 1275 655 1437 sumffley
670 1353 741 1425 risu
757 1353 941 1438 respondit.

504 1451 628 1536 “ignes
642 1455 761 1524 fatuos
774 1475 850 1524 sum
875 1454 1093 1536 insectatus,”
1116 1452 1239 1537 inquit,
1262 1450 1423 1523 “auctore

417 1553 602 1638 Crocbard,
618 1553 725 1624 amico
740 1561 866 1624 nostro.
881 1553 929 1623 At
944 1575 1027 1624 vero
1050 1553 1154 1624 etiam
1169 1561 1255 1636 tum,
1270 1552 1334 1622 nisi
1350 1551 1423 1636 qui·

420 1654 477 1723 nis
487 1652 651 1723 milliariis
665 1653 708 1723 ab
719 1654 812 1724 omni
822 1674 927 1737 prope
938 1654 1010 1724 loco
1020 1651 1218 1723 absentibus
1228 1651 1324 1722 nobis
1332 1651 1423 1734 apsis

420 1760 538 1824 nostra
552 1754 708 1823 foramen
731 1753 923 1837 accepisset,
945 1753 1089 1837 tempori
1113 1753 1309 1824 adfuissem.
1331 1751 1423 1822 Novi

421 1853 512 1922 enim
528 1853 609 1937 quid
626 1853 781 1925 subesset
795 1889 837 1899 -
851 1860 889 1924 at
903 1853 949 1924 sic
962 1853 1037 1924 fata
1059 1855 1209 1924 voluere.
1236 1853 1275 1936 0,
1291 1852 1421 1934 Lester,

421 1975 525 2037 quam
539 1953 594 2024 ille
609 1953 707 2024 nobis
721 1953 853 2024 cunctis
866 1975 926 2024 ora
940 1953 1102 2024 sublevit!
1130 1955 1184 2024 lta
1204 1953 1365 2024 futurum
1387 1959 1422 2023 te

421 2053 538 2123 monui
550 2052 579 2122 !”

505 2152 643 2223 “Meum
658 2175 741 2237 ergo
755 2153 916 2224 nuntium
929 2175 999 2224 non
1012 2153 1212 2237 accepistii”

505 2250 755 2324 “Tradiderunt
769 2254 852 2323 mihi
878 2276 986 2337 quum
1011 2255 1223 2324 nuntiassem
1245 2251 1421 2336 negotium

421 2352 652 2424 Westchester
679 2375 811 2425 meram
840 2354 999 2424 fraudem
1029 2375 1112 2436 esse;
1142 2359 1218 2424 tum
1247 2354 1421 2424 celerrime

421 2475 525 2537 quam
540 2459 696 2537 poteram
711 2454 754 2524 ad
768 2454 941 2524 decuriam
955 2453 1145 2538 properavi,
1159 2453 1219 2524 sed
1232 2454 1300 2523 iam
1315 2453 1422 2524 sero.”

504 2551 665 2636 “Verum,
688 2553 736 2624 mi
760 2553 942 2638 Godrrey‚”
968 2553 1120 2638 obverto,
1147 2552 1297 2638 “egone
1319 2553 1421 2624 modo

421 2653 559 2737 quidem
574 2654 739 2738 perspicio
755 2654 1043 2739 quemadmodum
1056 2655 1128 2739 ipse
1142 2653 1216 2724 haec
1229 2654 1421 2739 perfecerit

423 2753 539 2837 Grady
554 2760 590 2823 et
604 2752 795 2824 Sirnmonds
815 2777 895 2825 cum
919 2755 1020 2838 Pigot
1047 2757 1117 2825 una
1140 2761 1269 2825 terram
1293 2755 1422 2837 petive-

420 2859 513 2936 runt,
528 2874 592 2923 nec
605 2852 650 2923 ab
664 2876 704 2924 eo
719 2855 950 2924 memorabilia
974 2854 1069 2926 urbis
1090 2854 1241 2925 visentes
1265 2854 1422 2924 discesse·

421 2959 513 3022 runt.
529 2953 825 3036 Quemadmodum
840 2954 1010 3024 Crochard
1022 2977 1058 3024 se
1069 2953 1236 3038 ingessit?
1251 2953 1421 3036 Quidnam

421 3053 492 3136 ipse
506 3053 549 3123 de
564 3053 666 3136 Pigot
679 3054 784 3126 iecit?
806 3055 953 3125 Ubinam
969 3063 1022 3125 est
1036 3054 1182 3138 Pigot?”

505 3151 586 3222 “Ille
600 3153 636 3222 in
651 3155 777 3224 Soooie
791 3163 853 3224 est.
876 3154 1103 3238 Simulatque
1127 3177 1170 3224 ex
1195 3155 1335 3226 decuria
1356 3154 1422 3225 dis-

421 3252 505 3322 cessi
520 3252 682 3322 nuntium
697 3275 835 3324 aereum
849 3255 930 3325 navi
945 3255 1029 3325 misi.
1062 3254 1230 3326 Officiales
1243 3255 1341 3325 navis
1355 3261 1421 3326 sta·

420 3353 484 3423 tim
498 3351 661 3435 indagare
675 3361 865 3438 coeperunt,
877 3361 1145 3439 repereruntque
1155 3355 1257 3439 Pigot
1266 3355 1421 3426 vinctum

420 3472 547 3536 oreque
561 3452 722 3522 obturato
735 3453 800 3523 sub
814 3475 911 3525 cama
925 3475 997 3525 suae
1011 3455 1124 3525 diaetae
1138 3454 1337 3525 iacentem.”

504 3551 661 3635 Elinguis
675 3553 801 3637 stupui.

507 3650 617 3736 “Quid
632 3653 724 3736 quod
739 3675 804 3738 ego
818 3653 852 3724 id
868 3677 911 3725 ne
935 3654 1127 3738 suspicatus
1152 3655 1290 3740 quidem
1316 3655 1380 3725 sim
1390 3654 1420 3724 !”

421 3751 574 3834 Godfrey
589 3773 625 3821 se
641 3753 761 3824 acerbe
776 3754 1004 3837 reprehendit
1041 3753 1112 3825 “lbi
1127 3761 1258 3826 stantes
1272 3755 1421 3826 vidimus

420 3872 497 3922 eam
511 3851 659 3921 celocem
672 3873 752 3922 cum
767 3854 890 3924 vexillo
904 3854 1066 3926 Francico
1081 3861 1122 3925 ut
1137 3875 1199 3925 nos
1213 3855 1420 3938 praeterivit3

420 3952 524 4022 etiam
538 3949 687 4021 vidimus
702 3952 931 4024 hominemex
955 3976 997 4025 ea
1021 3953 1057 4023 in
1082 3957 1208 4027 Saooie
1233 3961 1421 4039 transgres-

420 4071 515 4132 sum;
537 4050 684 4134 denique
698 4053 802 4123 etiam
816 4053 965 4125 vidimus
986 4054 1133 4125 eundem
1147 4077 1226 4126 cum
1241 4055 1343 4138 Pigot
1355 4056 1420 4126 col·

420 4153 616 4235 loquentem
632 4205 640 4222 .
657 4205 665 4222 .
680 4153 710 4222 .'’
