3554 5156
575 904 757 962 aormrus
783 903 925 970 omniu
947 901 1161 960 suprema
1306 885 1367 956 141
1482 971 1484 976 ¹

365 1075 544 1146 certiorem
558 1074 632 1145 fieri
647 1075 767 1158 voluit,
783 1072 1031 1158 tranquillitate
1047 1071 1161 1155 animi,
1176 1071 1241 1141 nisi
1256 1091 1297 1140 ea
1318 1089 1369 1138 re·

368 1183 586 1259 cuperentur,
602 1197 639 1245 se
652 1195 792 1258 prorsus
805 1174 899 1244 nulla
913 1173 984 1243 frui
999 1173 1128 1256 posse.”

451 1276 581 1346 lterum
595 1275 710 1345 annui.
732 1274 825 1345 Nihil
852 1274 1006 1357 profecto
1030 1279 1105 1342 erat
1127 1293 1233 1356 quare
1256 1269 1368 1340 adhuc

368 1378 445 1461 plus
459 1376 594 1446 diceret.
617 1375 730 1445 Etiam
747 1396 812 1457 ego
833 1395 968 1444 mecum
989 1372 1149 1456 reputavi
1175 1371 1280 1441 infido
1294 1390 1364 1440 ma·

368 1476 435 1546 rito
449 1476 478 1546 si
493 1497 556 1559 par
571 1475 644 1558 pari
659 1473 836 1558 rependat,
852 1495 974 1544 revera
987 1473 1121 1542 nullum
1148 1473 1202 1543 ius
1227 1471 1270 1542 ad
1292 1493 1371 1541 con·

370 1575 583 1661 querendum
597 1582 798 1659 competere.

453 1677 585 1748 “Cliens
600 1677 697 1760 proin
712 1677 819 1758 mea,’'
830 1675 1048 1759 prosequitur
1058 1675 1163 1745 herus
1173 1673 1370 1743 Hornblow-

368 1778 545 1848 etsensim
560 1778 660 1847 laetus
675 1776 810 1846 viarum
824 1775 970 1845 maxime
985 1775 1094 1845 ardua
1108 1796 1144 1844 se
1157 1773 1302 1844 feliciter
1316 1795 1371 1844 su·

368 1900 513 1963 perasse,
529 1875 593 1947 “ad
608 1875 874 1960 recuperandam
889 1897 1004 1946 arcam
1017 1897 1104 1958 opus
1119 1874 1298 1944 confestim
1312 1895 1371 1958 ag·

368 1999 486 2063 gressa
500 1984 562 2047 est.
588 1975 727 2061 Reperit
742 1999 817 2046 earn
831 1975 982 2046 Annand
998 1983 1033 2045 et
1049 1975 1117 2044 Fils
1131 1973 1307 2044 venditam
1321 1995 1372 2043 es

369 2100 416 2148 se.
437 2078 505 2148 Eos
529 2099 639 2162 quum
662 2077 735 2146 sine
761 2098 856 2146 mora
883 2075 1054 2157 adivisset,
1076 2095 1276 2158 responsum
1291 2074 1371 2143 tulit

369 2199 482 2248 arcam
510 2178 579 2248 iam
608 2178 691 2247 hero
720 2177 869 2248 Vantine
892 2175 1079 2258 venditam,
1105 2180 1140 2243 et
1170 2173 1274 2243 etiam
1303 2173 1371 2243 huc

368 2277 603 2348 transmissam
618 2299 702 2348 esse.
718 2277 875 2359 Proinde,
890 2276 955 2346 sub
969 2275 1079 2359 specie
1094 2296 1192 2345 suam
1205 2273 1371 2344 familiam

368 2377 509 2460 visendi,
536 2377 689 2462 proxima
717 2376 798 2446 navi
823 2398 859 2446 se
885 2375 996 2446 itineri
1022 2375 1204 2445 committit
1227 2396 1267 2444 eo
1287 2396 1371 2445 vero

369 2478 539 2563 proposito
554 2484 595 2548 ut
609 2478 653 2547 ab
667 2476 751 2547 hero
764 2476 913 2548 Vantine
935 2476 1136 2545 facultatem
1150 2475 1281 2545 forulos
1295 2497 1372 2558 ape-

369 2577 487 2660 riendi,
498 2578 687 2660 litterisque
698 2577 853 2661 potiundi
869 2576 1076 2659 impetraret.
1088 2575 1180 2645 Mors
1190 2575 1264 2645 eius
1274 2597 1372 2645 suam

369 2700 465 2762 spem
478 2677 671 2760 frustravit,
688 2685 723 2747 et
747 2677 793 2746 sic
816 2675 992 2757 destituta,
1016 2697 1144 2759 speque
1167 2675 1306 2756 deiecta,
1328 2676 1371 2745 ad

369 2800 425 2849 me
439 2779 579 2862 refugit.
601 2777 667 2849 Vir
683 2783 735 2847 est
750 2799 812 2847 cur
837 2776 960 2846 addam
981 2775 1152 2846 neminem
1173 2796 1217 2844 ex
1237 2797 1301 2845 sua
1320 2776 1373 2845 fa·

369 2878 461 2948 milia
475 2877 662 2962 quidquam
676 2877 719 2947 de
733 2877 787 2946 his
812 2877 914 2947 rebus
936 2877 1031 2958 scire,
1056 2882 1160 2958 atque
1186 2875 1372 2958 plurimum

368 2980 498 3049 referre
514 2985 554 3048 ut
569 2979 713 3048 maritus
728 2998 812 3047 suus
826 2977 869 3047 de
892 2975 1012 3046 iisdem
1036 2997 1215 3059 nunquam
1237 2975 1293 3045 vel
1317 2997 1373 3045 su·

370 3079 521 3162 spicetur
535 3076 682 3161 quidem.
693 3077 762 3147 Suo
777 3076 893 3160 itaque
908 3075 1044 3145 nomine
1059 3082 1095 3145 te
1108 3075 1249 3158 appello,
1264 3075 1373 3144 veluti

369 3178 566 3250 testamenti
591 3177 663 3247 heri
688 3178 836 3248 Vautine
857 3182 1102 3257 exsecutorem,
1116 3183 1158 3246 ut
1171 3197 1230 3245 eas
1243 3175 1374 3245 litteras

370 3279 515 3363 propriae
529 3278 675 3348 dominae
689 3277 870 3347 restituere
884 3298 928 3346 ne
943 3276 1130 3360 graveris'*

453 3379 575 3449 Mirarn
589 3378 677 3448 hanc
692 3377 867 3448 historiam
880 3384 1054 3446 momento
1067 3375 1230 3460 temporis
1238 3397 1372 3445 mecum

368 3481 511 3551 volvens
526 3478 694 3562 sedebam,
709 3477 956 3560 tentabamque
970 3483 1118 3546 eventus
1132 3475 1305 3546 novissimi
1325 3475 1373 3545 bi-

369 3579 438 3662 dui,
467 3587 586 3649 utrum
615 3578 704 3648 inter
733 3598 770 3648 se
797 3576 1012 3659 conveniant,
1046 3597 1257 3660 componere.
1293 3574 1372 3646 Nou

370 3679 585 3763 quadrarunt
600 3684 717 3749 autem
742 3714 782 3722 -
808 3677 929 3748 saltem
953 3699 1022 3746 non
1046 3698 1126 3746 cum
1150 3696 1227 3744 mea
1240 3675 1374 3746 theoria

370 3779 530 3850 decausa
544 3779 668 3850 horum
693 3783 892 3848 eventuum.
914 3777 994 3846 Non
1018 3777 1110 3846 enim
1135 3776 1288 3859 profecto
1303 3774 1374 3846 Ma-

370 3886 470 3949 trona
485 3879 517 3948 X
531 3901 594 3949 sua
609 3885 740 3948 secreta
754 3899 888 3948 veneno
902 3876 1116 3946 vindicatura
1131 3874 1224 3945 erat!

455 3977 647 4062 “Numquis
660 3985 786 4061 praeter
800 3985 897 4048 tuam
912 3976 1069 4046 clientem
1082 3975 1178 4045 novit
1187 3975 1375 4059 quidquam

370 4077 413 4150 de
428 4079 502 4148 istis
515 4077 638 4149 litteris
648 4077 684 4147 ?”
700 4077 843 4162 quaesivi
859 4076 1015 4161 denique.

454 4177 577 4249 “Haud
602 4177 653 4249 ita
674 4177 788 4262 puto,”
815 4177 989 4261 respondit
1010 4175 1116 4246 herus
1140 4174 1374 4259 Homblower,
