3500 5158
552 917 747 972 cnocnnno
767 917 846 972 mir.
865 917 1092 972 mvmcrsrus
1267 899 1330 970 241

330 1085 532 1167 mysterium
556 1085 776 1156 irresolutum
802 1085 984 1167 manserit;
1018 1083 1184 1167 respondi.
1217 1080 1330 1153 “Nihil

328 1186 392 1256 nisi
407 1185 564 1255 assiduus
578 1185 672 1256 labor
686 1185 841 1256 animum
857 1207 974 1256 meum
989 1186 1033 1254 ab
1048 1206 1089 1254 eo
1101 1206 1245 1254 evocare
1259 1183 1330 1267 poti

329 1286 412 1356 est.”

413 1384 516 1456 “Esto
539 1407 620 1470 ergo
643 1385 733 1457 bono
754 1387 898 1468 anim0,”
919 1386 1031 1471 inquit
1060 1384 1226 1466 renidens,
1256 1381 1331 1454 “tu-

329 1487 435 1571 igitur
447 1487 560 1568 gratia
574 1486 607 1556 id
622 1486 772 1568 primum
788 1487 1028 1557 resolvemus.'’

413 1587 538 1658 “Visne
553 1587 742 1670 significare
757 1595 792 1657 te
806 1586 840 1657 id
858 1587 942 1657 scire
951 1588 988 1656 l’'

413 1687 508 1759 “Scio
522 1687 592 1756 iam
607 1687 684 1769 quis
699 1687 843 1757 Grandis
857 1687 911 1757 ille
927 1689 1070 1770 Ignotus
1083 1687 1137 1769 sit,
1153 1685 1282 1768 tibique
1295 1685 1330 1754 id

330 1789 446 1859 statim
462 1787 623 1870 aperiam.
639 1787 803 1857 Perendie
819 1823 858 1833 -
875 1789 929 1858 die
950 1787 1109 1857 Mercurii
1133 1822 1174 1832 -
1200 1784 1331 1867 reliqua

329 1896 453 1959 cuncta
476 1887 590 1958 sciam.
628 1889 716 1957 Tota
739 1896 822 1957 tune
844 1888 985 1958 historia
1006 1889 1041 1956 in
1067 1887 1189 1956 diurno
1213 1891 1330 1954 nostro

330 1989 513 2070 matutino,
528 1987 583 2057 die
599 1987 688 2057 lovis
703 1988 930 2070 evulgabitur.
953 1987 1042 2072 Quid
1058 1987 1085 2057 si
1101 1987 1166 2056 iter
1180 2007 1242 2068 pro
1256 1985 1330 2054 eius

262 2135 266 2146 ·
329 2089 394 2159 diei
410 2087 662 2170 postmeridiem
677 2108 815 2170 parares
823 2088 860 2158 ?”

412 2187 505 2258 Nihil
519 2187 583 2257 nisi
598 2187 763 2258 emiratus
778 2211 859 2258 eum
874 2188 1030 2259 contueri
1045 2187 1150 2272 quivi.
1178 2187 1253 2269 lpse
1268 2207 1326 2254 ve-

330 2311 368 2360 ro
382 2311 463 2358 cum
478 2287 548 2357 risu
563 2286 598 2356 in
614 2309 670 2357 me
685 2289 842 2370 respexit.

219 2391 223 2400 '
413 2386 497 2457 “Vel
519 2408 610 2456 nunc
636 2386 704 2456 iam
728 2388 850 2458 melius
872 2389 986 2459 volere
1011 2387 1171 2468 videriS‚”
1188 2386 1328 2466 iocatur,

330 2489 417 2559 “acsi
432 2487 540 2558 vitam
556 2488 623 2556 iem
640 2488 746 2570 pluris
762 2488 997 2558 aestimandam
1019 2488 1188 2571 putaresss’
1205 2486 1330 2569 quibus

330 2589 438 2670 dictis,
453 2610 515 2657 nec
531 2595 682 2670 rogatus,
696 2589 939 2658 convolvulum
955 2589 1018 2658 sibi
1034 2588 1189 2670 sumpsit.

414 2687 616 2770 “Godfrey,”
632 2687 782 2757 obtestor
797 2711 871 2772 ego,
886 2687 1183 2760 “satiushaberem
1193 2687 1326 2770 siquem

330 2790 435 2859 alium
451 2787 494 2858 ad
509 2787 751 2858 ludificandum
766 2789 829 2859 tibi
855 2791 1005 2872 eligeres.
1028 2791 1082 2859 Tu
1108 2789 1198 2858 enim
1214 2786 1256 2856 ad
1272 2808 1328 2855 me

329 2891 447 2972 intras,
462 2887 633 2958 bombam¹
648 2888 790 2971 proiicis,
800 2898 840 2959 ut
851 2891 969 2960 videas
983 2897 1148 2972 quantam
1163 2889 1198 2957 in
1213 2887 1329 2957 altitu-

330 2991 444 3060 dinem
459 2987 612 3058 subsilire
627 2990 769 3058 valeam.
785 2990 861 3059 Tibi
886 2989 950 3060 hoc
975 2990 1064 3060 lusui
1080 2996 1141 3071 est,
1156 3011 1218 3057 nec
1233 2986 1329 3057 dubi·

330 3097 376 3172 to,
391 3089 572 3159 autetiam
587 3089 670 3159 utile
685 3097 726 3159 ut
741 3090 893 3160 doctrina
901 3113 911 3172 ;
943 3097 979 3160 at
993 3089 1091 3160 nervi
1105 3089 1172 3159 mei
1187 3087 1221 3158 id
1236 3088 1328 3158 haud

329 3190 480 3260 derunt?

416 3288 485 3360 “Mi
500 3289 649 3372 Lester,”
664 3291 811 3373 appellat
824 3289 888 3374 ille,
900 3290 993 3361 “haec
1003 3313 1047 3360 ne
1057 3290 1181 3361 bomba
1191 3288 1329 3373 quidem

329 3390 409 3475 fuit,
424 3389 483 3461 sed
498 3390 638 3460 assertio
653 3391 768 3460 facti.”

431 3625 455 3676 1.
472 3621 591 3685 Boinoa,
607 3637 656 3676 ·2:
673 3624 770 3690 globus
780 3625 885 3678 ferreus
906 3625 1008 3678 solidus
1029 3631 1077 3677 aut
1097 3641 1188 3686 cavus,
1210 3641 1290 3692 quern
1313 3641 1329 3677 e

330 3707 475 3763 tormentis
487 3706 590 3759 milites
602 3706 790 3772 pyrotechnici
804 3708 932 3760 eiaculari
946 3709 1043 3762 solent.
1057 3709 1174 3762 Verbum
1193 3715 1235 3760 est
1252 3706 1328 3760 bom-

330 3790 404 3853 bins
422 3789 494 3856 quod
505 3805 602 3842 sonum
616 3791 701 3844 refert
718 3792 883 3844 insectorum
900 3791 1094 3854 volitantium3
1111 3808 1194 3845 sonus
1211 3792 1268 3857 ipse
1287 3797 1328 3845 est

331 3871 458 3934 bombus,
474 3872 519 3924 vel
532 3870 653 3935 bombos,
671 3879 712 3927 est
726 3875 798 3927 enim
817 3875 958 3936 Graecum;
976 3875 1003 3926 id
1020 3881 1112 3928 autem
1136 3875 1207 3942 quod
1231 3891 1328 3928 sonum

331 3959 405 4010 hune
418 3955 502 4008 efficit
516 3961 557 4008 est
569 3954 678 4019 boniba,
693 3973 709 4010 a
722 3957 829 4010 Latinis
842 3958 934 4011 saeculi
951 3959 1149 4024 quartidecimi,
1163 3965 1223 4024 post
1235 3960 1329 4010 inven-

331 4046 391 4094 tum
404 4038 543 4104 pulverem
556 4040 672 4104 pydum,
681 4047 763 4107 atque
772 4046 938 4094 tormentum
948 4041 1095 4107 igniarium
1104 4043 1232 4095 effictum.
1241 4042 1328 4104 Quam

332 4123 445 4190 probum
459 4121 496 4174 sit
509 4122 553 4174 vel
568 4123 631 4175 inde
644 4129 720 4188 patet
732 4125 804 4191 quod
815 4125 899 4178 nullae
912 4125 1015 4192 linguae
1028 4125 1164 4179 modernae
1184 4125 1258 4178 aliud
1279 4141 1327 4178 vo·

334 4206 465 4266 carulum
478 4212 655 4276 cognoscant.
