3500 5158
419 837 483 910 236
700 853 1027 911 ursnannmam
1051 847 1169 911 nonna

423 1021 492 1092 iam
506 1020 637 1106 pridem
652 1022 812 1094 oblivioni
837 1022 1063 1108 tradiderunt,
1087 1045 1156 1094 non
1179 1043 1302 1107 parum
1325 1021 1426 1094 mira-

424 1122 486 1192 bar
501 1143 609 1207 quum
624 1122 776 1194 viderem
790 1131 920 1208 quanta
935 1123 1082 1195 sollertia
1105 1123 1257 1207 Godirey
1279 1122 1427 1194 elabora-

425 1228 478 1293 ret
492 1229 532 1293 ut
546 1222 738 1306 fugitivum
752 1244 814 1308 per
828 1223 991 1296 diumum
1016 1223 1156 1295 edocere
1179 1229 1353 1308 satageret
1365 1224 1426 1295 ubi

424 1342 503 1391 arca
525 1328 624 1405 esset,
650 1329 687 1393 et
709 1323 997 1406 quemadmodum
1021 1323 1260 1395 custodiretru.
1291 1324 1427 1394 Interea

423 1421 507 1492 dum
531 1429 656 1493 caetera
679 1423 802 1494 diuma
825 1423 1032 1494 mirarentur
1054 1445 1154 1494 suam
1180 1423 1426 1508 stupiditatem,
1541 1445 1543 1448 ·

423 1521 575 1604 Godfrey
589 1522 715 1593 iterum
729 1523 922 1606 iterumque
937 1523 1113 1608 descripsit
1127 1544 1241 1594 arcam
1255 1523 1291 1594 in
1315 1523 1426 1593 muni-

421 1620 585 1692 tissimam
600 1623 718 1693 cellam
733 1623 888 1694 stationis
907 1623 983 1695 viae
996 1623 1196 1707 Vigessimae
1210 1621 1338 1694 Tertiae
1351 1643 1424 1694 esse

422 1721 646 1804 reconditam
668 1722 787 1793 cellam
801 1743 874 1793 esse
888 1723 1003 1807 talem,
1017 1723 1117 1794 cuius
1131 1721 1262 1794 clathra
1276 1744 1295 1793 e
1310 1723 1423 1806 chaly-

420 1819 463 1890 be
477 1821 772 1892 chromonicolino
787 1829 876 1893 esset
889 1823 993 1906 iacta,
1008 1844 1088 1907 quae
1112 1823 1207 1893 nulla
1234 1843 1329 1894 serra
1351 1843 1425 1893 ero·

421 1919 535 2004 deret;
557 1921 675 1991 ceilam
690 1922 804 2004 talem,
819 1921 918 1992 cuius
932 1943 1009 1993 sera
1022 1944 1092 1993 non
1118 1922 1227 1993 solum
1249 1921 1348 2005 clavi,
1363 1921 1423 1994 sed

419 2027 456 2091 et
480 2021 614 2104 pessulo
637 2021 824 2104 calculato,¹
839 2022 900 2092 uni
923 2029 1061 2093 tantum
1076 2021 1222 2106 cognito,
1243 2027 1422 2106 teneatur3

418 2121 536 2191 cellam
561 2143 582 2192 a
607 2121 739 2192 caeteris
763 2143 835 2192 esse
861 2122 1049 2193 seiunctam
1072 2123 1246 2206 solamque
1269 2122 1305 2192 in
1320 2123 1422 2193 tertio

419 2220 549 2290 ambitu
565 2243 638 2292 esse
653 2220 752 2292 sitam
767 2228 848 2292 ante
863 2222 978 2292 oculos
1002 2221 1129 2292 lictoris
1143 2221 1351 2305 excubantis,
1372 2221 1422 2292 ita

418 2326 460 2390 ut
473 2342 537 2390 nec
551 2319 605 2390 die
619 2342 682 2390 nec
696 2327 806 2403 nocte,
821 2320 905 2405 quin
928 2321 1045 2391 statim
1068 2321 1353 2406 deprehendatur,
1368 2341 1421 2394 ac·

418 2419 537 2490 cedere
552 2420 732 2504 quisquam
746 2421 872 2505 possit;
893 2421 1011 2492 cellam
1037 2442 1120 2504 esse,
1135 2421 1234 2492 cuius
1248 2420 1352 2492 ianua
1366 2443 1421 2491 su·

417 2519 588 2590 scitatorio
603 2521 809 2592 automatico
823 2519 858 2591 in
874 2521 1065 2592 decurionis
1080 2520 1265 2605 scriptoria,
1288 2520 1324 2592 in
1349 2521 1421 2592 offi-

417 2619 493 2690 cina
507 2619 629 2703 antioa,
644 2619 760 2691 iuncta
775 2621 836 2704 sit;
857 2643 928 2692 uno
944 2621 1059 2705 verbo,
1080 2622 1200 2693 cellam
1223 2641 1305 2704 esse,
1326 2621 1419 2692 unde

416 2741 518 2790 nemo
532 2719 697 2804 effugere,
712 2742 781 2804 quo
795 2743 895 2792 nemo
918 2721 1057 2804 intrare,
1081 2721 1164 2806 quin
1190 2721 1419 2805 deprehenda-

417 2825 486 2903 tur,
501 2818 615 2904 possit.

500 2920 550 2990 De
573 2919 646 3003 ipsa
670 2941 749 2992 arca
773 2921 881 2992 Boule
904 2920 1057 3004 Godrrey
1078 2941 1201 3006 pamm
1221 2920 1416 3006 disserebat,

415 3019 514 3091 cuius
527 3019 702 3091 historiam
717 3041 827 3104 usque
842 3042 883 3091 eo
897 3021 1136 3092 continendam
1151 3021 1294 3104 censuit,
1310 3020 1417 3091 donec

415 3127 562 3191 eventus
575 3119 619 3191 ad
633 3119 794 3191 ultimum
808 3121 912 3192 finem
926 3128 1096 3205 vergeret,
1107 3120 1199 3206 quod
1214 3128 1307 3192 certo
1321 3121 1418 3191 futu·

415 3241 493 3292 rum
508 3219 668 3304 credidit;
689 3215 727 3290 at
752 3220 947 3306 singularia,
961 3229 1002 3292 ut
1017 3242 1082 3305 ego
1096 3221 1197 3292 modo
1210 3220 1359 3305 narravi,
1379 3221 1415 3290 in

415 3320 550 3391 Rooord
574 3319 735 3391 continuo
758 3321 1003 3405 recolebantur,
1027 3342 1136 3404 quum
1160 3341 1241 3392 casu
1267 3320 1415 3404 quodam

413 3418 496 3490 mihi
512 3419 663 3504 Godrrey
676 3419 712 3490 in
726 3419 784 3491 via
798 3441 974 3492 occurrere
987 3420 1195 3506 contigisset,
1210 3441 1320 3506 quum
1334 3442 1414 3491 eum

513 3639 537 3690 l.
553 3634 697 3690 Paaaulua
710 3635 941 3692 camuranae
954 3652 1052 3691 rocam
1065 3637 1140 3692 lubet
1165 3641 1352 3704 pagmentum,
1368 3637 1415 3690 rel

411 3719 645 3774 machinationem
658 3719 832 3783 rationatam,
846 3720 924 3774 ouius
935 3737 1001 3774 usus
1014 3721 1047 3774 fit
1058 3721 1087 3773 in
1101 3720 1172 3774 arcis
1184 3719 1304 3774 fortibus
1320 3736 1415 3787 argen-

411 3803 551 3866 tariarum,
576 3803 623 3856 ubi
646 3803 777 3866 thesauri,
799 3819 976 3871 quacumque
1003 3804 1122 3870 pretiosa
1132 3803 1162 3856 in
1175 3803 1343 3857 tutohaberi
1360 3819 1415 3857 cre·

412 3886 522 3950 duntur,
536 3903 650 3955 quanam
663 3888 787 3955 quadam
798 3889 833 3941 ad
846 3887 979 3941 indicium
992 3887 1134 3954 horologii,
1148 3887 1229 3940 atatis
1239 3887 1413 3954 temporibus,

411 3971 560 4024 secundum
574 3975 679 4024 sermm
692 3971 835 4033 calculum,
853 3971 931 4024 cuius
955 3971 1056 4024 notitia
1078 3971 1127 4024 uni
1152 3975 1262 4024 tantum
1286 3971 1412 4024 conmedi

411 4054 489 4117 solet,
502 4059 577 4108 carta
589 4053 747 4108 versatione
758 4054 927 4121 plinthidum
944 4054 1059 4109 reserari
1082 4058 1173 4123 queat,
1185 4053 1247 4116 nisi,
1259 4060 1291 4107 ut
1303 4053 1412 4115 assolet,

411 4137 523 4206 dynami
537 4137 713 4206 displodetur.
