3554 5156
391 844 454 913 120
657 860 866 914 ursmnrun
887 861 994 916 rnen
1014 854 1134 917 soum

393 1029 540 1111 inspexit
556 1029 717 1112 singulos,
733 1036 810 1098 turn
824 1034 952 1112 magna
967 1052 1049 1099 cura
1064 1029 1215 1113 singulos
1229 1031 1265 1101 in
1280 1030 1396 1100 sellam

398 1128 563 1211 deposuit.
595 1127 875 1198 “Decemendum
890 1151 982 1199 nunc
996 1137 1080 1210 puto
1105 1137 1224 1200 utrum
1246 1130 1321 1211 alia,
1346 1150 1399 1198 oe-

397 1228 499 1310 culta,
515 1229 625 1310 spatia
638 1229 693 1298 hic
709 1251 777 1298 non
793 1229 1022 1312 delitescant‚”
1038 1230 1095 1299 ait.

479 1345 569 1415 Tum
584 1367 780 1415 mensuram
804 1345 990 1415 eburneam
1012 1345 1193 1430 plicatilem
1219 1368 1238 1417 e
1264 1347 1397 1416 sacculo

396 1445 564 1528 produxit,
581 1468 656 1516 eam
671 1445 842 1528 explicuit,
857 1467 1103 1529 mensurasque
1118 1453 1190 1515 tam
1200 1446 1351 1515 minutas
1362 1452 1398 1515 et

396 1545 570 1614 abstrusas
595 1546 630 1613 in
654 1567 771 1614 omnes
786 1554 901 1628 partes
923 1545 1101 1616 instituere
1125 1546 1238 1629 coepit,
1262 1552 1304 1616 ut
1323 1547 1397 1615 fere

396 1667 457 1728 per
471 1645 645 1714 dimidiam
659 1646 779 1714 horam
793 1645 927 1714 nullum
941 1645 1086 1716 verbum
1109 1646 1277 1716 edidisset.
1311 1645 1397 1715 Dein

396 1745 496 1814 aliam
512 1745 663 1814 admovit
678 1746 794 1814 sellam
809 1752 844 1814 et
858 1746 956 1814 iuxta
969 1767 1024 1815 me
1039 1746 1200 1815 consedit.

480 1860 600 1931 “Certe
614 1861 649 1930 in
665 1861 826 1944 ambages
840 1862 997 1944 incurri,”
1011 1863 1108 1931 fatur
1119 1861 1274 1945 denique,
1286 1861 1397 1946 “quod

395 1967 436 2030 ut
450 1962 613 2044 eveniret,
628 1961 756 2045 absque
772 1961 875 2030 dubio
899 1983 996 2031 mens
1020 1961 1160 2031 artificis
1185 1961 1288 2032 buius
1309 1984 1397 2031 arcae

395 2061 474 2129 fuit.
496 2062 604 2130 Totus
619 2061 748 2130 fundus
763 2061 949 2144 scriptoriae
964 2062 1118 2131 occlusus
1132 2068 1194 2144 est,
1218 2061 1254 2130 hi
1280 2069 1397 2131 autem

396 2167 466 2230 tres
486 2161 590 2230 foruli
614 2161 778 2243 exiguum
804 2167 941 2230 tantum
963 2163 1112 2244 spatium
1136 2163 1282 2244 explent.
1304 2161 1396 2231 Tum

396 2267 534 2343 tergum
549 2282 636 2330 arcae
651 2261 862 2344 geminatum
878 2283 950 2331 esse
972 2262 1110 2331 videtur
1125 2297 1167 2305 -
1181 2261 1217 2330 ni
1231 2262 1317 2344 plus,
1332 2268 1399 2330 est·

397 2382 464 2444 que
479 2361 544 2429 illic
560 2361 708 2444 spatium
724 2361 831 2430 trium
855 2360 1050 2444 digitorum,
1074 2362 1116 2430 de
1138 2383 1208 2444 quo
1231 2361 1397 2431 rationem

395 2460 538 2530 reddere
553 2483 696 2544 nequeo.
719 2462 782 2529 Est
796 2483 878 2544 ergo
893 2461 994 2531 facile
1018 2462 1176 2532 credibile
1191 2461 1340 2544 spatium
1360 2461 1396 2530 il-

395 2560 437 2630 lic
452 2561 534 2630 satis
547 2561 710 2630 interesse
734 2562 838 2630 etiam
861 2561 1027 2631 duodenis
1051 2561 1174 2631 forulis
1198 2561 1348 2644 occultis,
1370 2561 1398 2630 si

399 2661 566 2730 Matronae
582 2661 624 2729 de
640 2661 841 2743 Montespan
857 2661 906 2730 ita
919 2661 1032 2730 visum
1048 2665 1102 2732 sit.
1114 2661 1216 2731 Nunc
1231 2682 1314 2730 vero
1329 2681 1401 2744 spe·

396 2762 549 2830 culemur
565 2761 723 2830 technam
740 2761 843 2830 eius.'’

480 2879 621 2947 Manum
636 2878 752 2960 itaque
770 2877 924 2947 dextram
943 2901 1022 2948 cum
1045 2877 1219 2962 chalybeio
1242 2878 1397 2948 manutio

396 2979 549 3060 inseruit,
565 2983 694 3047 stante
710 2999 823 3047 arcam
836 2977 872 3046 in
887 2979 995 3047 solum
1009 2977 1148 3048 desedit.

482 3093 533 3164 “A
547 3095 657 3164 fundo
672 3094 778 3176 igitur
793 3094 978 3177 exordiar,'’
999 3094 1122 3178 inquit.
1145 3093 1291 3177 “siquod
1314 3115 1399 3177 pras«

398 3194 545 3263 terivero
560 3201 736 3277 punctum,
752 3194 795 3263 ad
810 3194 913 3263 idme
928 3216 1076 3277 revoces,
1098 3195 1231 3264 velim.”

490 3311 613 3393 Digitis
645 3311 715 3380 suis
747 3311 960 3393 superficiem
990 3333 1157 3380 aereorum
1186 3318 1399 3380 ornamento

398 3433 477 3480 rum
492 3410 618 3493 pedum
633 3409 853 3479 delicatorum
869 3431 957 3479 arcae
972 3412 1240 3494 asperitatesque
1265 3432 1399 3480 summa

398 3511 596 3595 pernicitate
611 3517 796 3594 percursat.
818 3510 1012 3579 Praesertim
1027 3511 1062 3579 in
1080 3511 1222 3594 singulis
1247 3509 1401 3580 umboni·

399 3611 463 3680 bus
478 3610 645 3692 bullisque
660 3610 759 3679 haesit
774 3611 899 3694 partim
913 3611 1099 3680 introrsum
1116 3611 1309 3694 premendo,
1325 3632 1401 3694 par-

398 3711 460 3780 tim
475 3731 612 3779 sursum
626 3709 853 3793 deorsumque
864 3710 1038 3792 tentando,
1053 3710 1080 3779 si
1095 3710 1264 3793 cederent,
1279 3717 1317 3780 at
1330 3731 1400 3780 non

399 3816 583 3880 cesserunt.
607 3809 736 3878 Deinde
757 3810 800 3879 ad
816 3810 966 3879 fundum
989 3810 1159 3893 processit,
1182 3809 1400 3894 adhibitaque

398 3913 460 3979 sual
476 3909 653 3992 latemuld,
668 3917 810 3980 cunctas
824 3910 962 3979 rimulas
983 3909 1205 3993 collustravit,
1221 3909 1281 3980 sed
1295 3909 1401 3980 incas-

399 4032 488 4080 sum.

482 4126 639 4196 Alterum
664 4124 841 4196 dimidium
864 4127 958 4196 horae
980 4127 1029 4197 ita
1051 4126 1210 4210 explevit,
1233 4134 1270 4197 et
1291 4148 1400 4211 quum
