3500 5158
444 863 507 932 302
703 881 914 936 nxsmnrun
934 882 1042 936 anca
1064 875 1182 937 nonan
1317 878 1320 890 ’

530 1047 644 1130 Grady
658 1049 795 1118 vultum
810 1071 912 1118 suum
927 1049 1117 1119 tersitabat.

529 1147 611 1229 “Ita,
626 1171 716 1231 sane,
732 1149 853 1232 utique
864 1149 892 1218 !''
907 1149 1102 1219 ludificabat
1119 1149 1243 1232 Grady.
1281 1149 1358 1220 “Me
1372 1170 1446 1232 per-

445 1248 572 1332 spicere
587 1248 746 1318 decebat!
768 1249 937 1332 Suspicari
958 1271 1014 1318 me
1040 1249 1183 1319 decebat
1207 1249 1311 1319 etiam
1336 1270 1445 1331 quum

448 1356 488 1418 tu
510 1370 590 1417 eum
605 1348 805 1418 intervisere
826 1349 1006 1432 satagebas
1014 1371 1023 1431 ;
1045 1371 1153 1432 quum
1168 1350 1240 1432 ipse
1254 1371 1318 1432 ego
1333 1349 1375 1418 de
1389 1371 1447 1418 na·

445 1448 480 1517 vi
496 1448 725 1530 devehebam;
746 1449 850 1518 etiam
865 1471 973 1532 quum
989 1450 1063 1519 eius
1083 1449 1287 1520 documenta
1308 1455 1384 1519 rata
1405 1471 1444 1518 ac

446 1548 588 1631 probata
618 1569 809 1630 repereram
825 1585 865 1593 -
887 1549 969 1632 quin
990 1549 1100 1619 etiam
1114 1571 1225 1632 usque
1240 1549 1283 1619 ad
1299 1548 1446 1632 effigiem

446 1669 543 1717 suam
557 1648 592 1717 in
609 1649 804 1731 syngrapho
814 1649 895 1718 suo!
918 1650 1040 1718 Nonne
1063 1649 1136 1720 haec
1150 1650 1218 1719 iam
1232 1651 1324 1719 clara
1344 1647 1445 1718 sunt!

445 1748 480 1817 Si
494 1748 594 1817 modo
609 1747 762 1818 homines
777 1771 875 1832 aeque
897 1749 982 1818 bene
1005 1749 1205 1832 prospicere,
1220 1771 1324 1832 quarn
1340 1748 1444 1832 respi-

444 1869 520 1917 cere
535 1854 682 1930 possent,
694 1870 796 1931 quam
812 1857 926 1919 essent
938 1858 1063 1920 cuncta
1076 1871 1236 1933 prospera
1248 1849 1278 1918 !’'

530 1947 715 2017 “Ausculta
733 1949 843 2031 modo,
855 1949 1000 2033 Grady,’'
1015 1950 1156 2019 amicius
1173 1951 1270 2018 tatur
1285 1949 1446 2032 Godfrey,

446 2045 550 2116 “nihil
558 2048 668 2117 habeo
677 2070 783 2131 quare
793 2049 855 2118 tibi
865 2048 900 2118 in
912 2071 1056 2132 persona
1065 2049 1220 2119 infensus
1229 2049 1302 2130 sim;
1311 2069 1374 2118 nec
1382 2048 1447 2119 dn-

446 2147 546 2216 fiteor
556 2147 660 2217 stulte
675 2170 730 2217 me
742 2148 850 2230 egisse
865 2171 974 2232 quum
988 2149 1148 2220 sollicitus
1167 2149 1213 2219 ibi
1228 2149 1398 2218 stetissem
1412 2155 1448 2218 et

445 2268 525 2317 cum
540 2247 710 2317 Crochard
724 2249 911 2318 collocutus
925 2270 1044 2332 essem,
1059 2271 1121 2318 nec
1134 2249 1210 2332 quis
1224 2248 1279 2318 ille
1294 2255 1383 2319 esset
1394 2269 1448 2318 su·

446 2347 601 2429 spicarer.
617 2347 665 2416 At
679 2347 751 2417 haec
766 2349 879 2418 omnia
893 2357 1019 2432 praeter
1033 2371 1106 2418 rem
1121 2356 1211 2419 sunt.
1231 2349 1287 2418 Tu
1301 2348 1448 2418 decuriae

446 2447 697 2530 speculatorum
712 2469 829 2531 praees,
845 2449 985 2531 proinde
1008 2456 1110 2519 tuum
1126 2457 1179 2519 est
1202 2449 1244 2519 de
1269 2449 1371 2518 rebus
1395 2447 1448 2518 his

446 2547 577 2616 cunctis
588 2547 800 2630 respondere.
813 2550 885 2618 Nec
897 2557 937 2618 tu
946 2549 1148 2619 fortitudine
1157 2571 1261 2632 cares,
1270 2549 1334 2618 hoc
1345 2548 1449 2618 liben-

447 2655 500 2716 ter
526 2647 578 2728 do;
603 2669 726 2716 verum
739 2655 778 2718 tu
794 2651 929 2719 muneri
945 2657 1006 2719 tuo
1020 2650 1128 2733 impar
1143 2672 1180 2720 es
1195 2686 1236 2695 -
1250 2671 1377 2718 munus
1392 2648 1449 2718 do.

447 2753 500 2816 tes
513 2754 593 2816 tuas
607 2747 749 2830 excedit,
775 2770 837 2818 nec
861 2756 896 2818 te
918 2749 954 2819 id
979 2751 1076 2819 fallit.
1102 2749 1250 2833 Sequere
1272 2749 1448 2818 consilium

447 2868 573 2930 meum,
589 2847 643 2916 adi
664 2848 709 2917 sis
733 2849 828 2918 illum
854 2849 1074 2933 telephonum
1099 2849 1310 2933 propriisque
1335 2848 1448 2918 verbis

448 2946 519 3016 tuis
534 2955 568 3015 te
584 2947 733 3017 abdica.''

534 3047 659 3129 Grady,
675 3048 771 3117 velut
786 3049 844 3131 qui
860 3049 1000 3120 auribus
1023 3049 1144 3120 diffidit
1170 3049 1249 3132 suis,
1275 3051 1389 3119 oculos
1412 3050 1448 3118 in

451 3169 530 3216 eum
546 3147 631 3229 figit.

532 3245 609 3315 “Me
634 3268 695 3329 per
724 3249 942 3332 telephonum
961 3249 1118 3320 abdicare
1128 3250 1157 3319 !’'
1182 3250 1307 3333 repetit
1332 3251 1448 3320 verba

448 3345 563 3416 “Num
580 3369 634 3416 me
649 3348 795 3418 insanire
811 3351 956 3432 putas?''

535 3445 667 3528 “Magis
682 3470 773 3518 nunc
789 3471 892 3532 qoam
908 3450 1074 3520 hactenus
1088 3451 1227 3533 putavi!
1244 3451 1381 3521 Patroni
1397 3451 1449 3522 tui

452 3547 534 3615 nihil
550 3547 695 3629 amplius
711 3549 770 3618 tibi
784 3550 981 3632 proderunt,
998 3551 1143 3634 Grady.'’

514 3645 648 3716 “istane
655 3657 737 3718 sunt
747 3649 790 3718 ad
800 3671 878 3733 qoae
886 3650 1057 3721 audienda
1065 3673 1120 3720 me
1130 3650 1196 3721 huc
1205 3651 1449 3721 accersivisti?”

534 3745 632 3815 “Non
647 3747 712 3816 ista
727 3751 839 3832 sunt,'’
854 3752 962 3820 refert
978 3751 1139 3834 Godrrey,
1156 3751 1250 3821 “haec
1258 3773 1353 3821 mera
1366 3751 1450 3822 acci·

450 3846 599 3916 dentalia
623 3848 852 3920 existimes-
874 3873 988 3920 nonne
1004 3859 1043 3921 tu
1058 3852 1146 3921 hanc
1172 3852 1449 3935 disceptationem

450 3947 640 4020 induxisti?
656 3985 696 3993 -
710 3950 788 4020 Huc
801 3957 837 4020 te
852 3952 1012 4020 accersivi
1027 3959 1067 4021 ut
1083 3953 1304 4022 convenires.
1320 4006 1328 4021 .
1345 3953 1375 4022 .'’

535 4049 643 4119 Ianua
658 4051 805 4120 exterior
818 4052 944 4122 iterum
958 4052 1088 4136 patefit,
1104 4060 1139 4122 et
1163 4053 1314 4136 Godfrey
1340 4052 1448 4124 subri-

452 4148 535 4220 dens
549 4171 590 4220 eo
604 4152 718 4222 oculos
731 4152 909 4223 convertit.
