3536 5156
815 915 913 969 uons
1302 897 1365 968 205

449 1083 640 1153 Simmonds
653 1105 672 1152 e
687 1084 820 1153 sacculo
833 1082 1034 1166 forcipillam
1056 1081 1276 1165 gracillimam
1291 1103 1368 1165 pro·

369 1182 464 1253 ducit
479 1204 622 1265 eamque
639 1183 752 1252 tradit.

454 1282 595 1352 Interim
611 1283 762 1365 Godfrey
776 1283 811 1351 in
827 1282 944 1351 Platea
964 1283 1140 1365 dispectat,
1155 1281 1214 1351 sed
1229 1304 1269 1350 eo
1284 1289 1369 1350 tem-

368 1405 450 1466 pore
463 1404 564 1451 nemo
578 1390 756 1464 suspectus
773 1381 877 1466 oculis
891 1382 1146 1462 obversabatur,
1167 1381 1285 1450 inserit
1308 1381 1369 1463 igi·

368 1489 427 1552 tur
451 1482 610 1551 foramini
639 1481 849 1564 forcipillam,
879 1503 973 1551 oram
1003 1481 1107 1551 clavis
1134 1481 1368 1564 apprehendit,

368 1583 561 1664 sensimque
576 1582 690 1651 vertit.

454 1681 528 1752 “Sic
539 1681 567 1749 !'’
583 1681 673 1764 quod
689 1679 748 1751 ubi
764 1681 857 1762 dixit,
869 1681 1007 1750 ianuam
1018 1681 1117 1750 simul
1128 1688 1228 1749 caute
1239 1680 1368 1764 pandit,

372 1789 407 1852 et
430 1783 553 1851 furtim
577 1782 693 1850 intrat.
715 1781 788 1863 Ego
811 1803 889 1850 eum
913 1789 1051 1851 secutus
1076 1802 1162 1862 sum,
1178 1780 1369 1850 Simmonds

368 1889 485 1952 autem
500 1904 562 1951 ceu
578 1880 699 1950 umbra
724 1888 801 1964 post
821 1902 877 1949 me
898 1881 1003 1963 venit,
1018 1881 1223 1964 ianuamque
1238 1889 1316 1963 post
1331 1903 1366 1950 se

371 1982 502 2052 clausit.

452 2082 555 2151 Nunc
570 2101 687 2150 omnes
701 2080 927 2162 substitimus,
942 2079 1002 2149 sed
1027 2102 1091 2163 ego
1114 2081 1233 2151 saltem
1257 2102 1314 2150 cor
1335 2079 1370 2150 in

369 2181 527 2251 faucibus
542 2181 727 2250 haerescere
742 2181 841 2263 sensi,
855 2201 935 2249 nam
949 2181 1104 2250 alicunde
1119 2203 1138 2249 e
1154 2180 1288 2250 sublimi
1303 2203 1371 2249 vox

369 2281 515 2351 hominis
528 2281 640 2350 animo
655 2280 822 2350 concitato
836 2281 1004 2363 loquentis
1018 2280 1272 2351 exaudiebatur.

455 2381 569 2449 Etiam
592 2381 627 2449 in
651 2381 840 2463 semiopaco
862 2380 945 2450 satis
968 2380 1088 2450 videre
1110 2389 1263 2463 poteram
1278 2403 1373 2462 aspe-

373 2489 468 2552 ctum
482 2481 518 2548 in
542 2482 642 2550 vultu
670 2480 821 2562 Godfrey
844 2487 1039 2563 stupentem
1062 2487 1097 2550 et
1118 2482 1305 2563 turbatum,
1332 2487 1372 2550 ut

374 2603 434 2664 pro
449 2588 620 2649 momento
642 2579 821 2649 immobilis
843 2581 955 2650 stabat
978 2602 1164 2663 vocemque
1188 2603 1264 2650 eam
1287 2579 1373 2649 exci-

374 2681 498 2766 piebat.
520 2681 594 2762 Ego
608 2701 745 2763 quoque
759 2680 900 2750 aun'bus
914 2680 1055 2750 intentis
1069 2681 1158 2763 steti,
1181 2681 1239 2750 sed
1267 2703 1309 2750 ex
1332 2681 1373 2750 iis

375 2802 454 2864 quae
468 2781 668 2850 dicebantur
678 2802 816 2862 prorsus
825 2781 907 2850 nihil
916 2802 1035 2863 capere
1047 2788 1216 2863 poteram;
1232 2803 1271 2851 ac
1282 2802 1374 2850 nunc

378 2882 516 2950 demum
532 2879 784 2962 deprehendere
798 2880 884 2963 coepi
900 2902 1090 2950 sermonem
1105 2881 1133 2949 F
1133 2881 1305 2950 rancicum
1327 2902 1376 2949 es-

376 3003 422 3050 se.
444 2980 606 3049 Attamen
621 3002 689 3049 vox
703 3001 771 3048 non
786 2979 856 3050 fuit
870 2980 1022 3050 Armand
1036 3015 1078 3026 -
1091 2980 1126 3050 id
1139 2981 1222 3050 mihi
1237 3001 1377 3064 prorsus

378 3087 511 3150 certum
527 3086 610 3149 erat.

461 3181 551 3250 Ante
566 3201 628 3249 nos
643 3179 771 3262 gradus
785 3181 923 3262 angusti
937 3181 1111 3264 patebant,
1127 3181 1186 3263 qui
1208 3180 1251 3250 ad
1273 3181 1378 3251 conti·

377 3280 574 3364 gnationem
590 3279 777 3362 proximam
791 3280 971 3349 ducebant.
983 3280 1065 3350 Post
1075 3288 1302 3350 memoratum
1317 3281 1379 3350 du·

379 3379 552 3450 bitationis
566 3379 783 3448 intervallum
799 3379 950 3462 Godfrey
964 3382 999 3449 in
1014 3381 1130 3450 infimo
1153 3380 1263 3463 gradu
1287 3381 1379 3450 dese·

379 3481 438 3563 dit,
454 3479 584 3550 calceos
598 3479 702 3560 exuit,
718 3485 753 3547 et
767 3500 830 3548 nos
844 3478 933 3548 idem
943 3481 1057 3549 facere
1072 3479 1379 3550 iussitSimmonds

378 3587 419 3650 ut
444 3585 644 3649 automaton
668 3578 790 3660 paruit,
815 3578 875 3648 sed
898 3601 984 3648 meae
1004 3601 1127 3649 manus
1149 3587 1221 3649 tam
1234 3602 1378 3650 nervose

376 3679 581 3760 tremebant,
597 3685 638 3748 ut
651 3678 798 3747 formido
812 3701 867 3748 me
882 3687 1026 3762 caperet,
1041 3701 1085 3749 ne
1099 3681 1231 3750 calceus
1245 3681 1327 3749 mihi
1337 3703 1379 3750 ex

380 3801 450 3851 una
463 3801 568 3849 manu
583 3779 753 3848 excideret
761 3801 769 3860 ;
792 3779 850 3848 sed
867 3786 982 3848 tamen
997 3780 1079 3849 satis
1094 3801 1253 3863 prospero
1279 3802 1380 3849 even·

381 3886 421 3949 tu
436 3902 508 3949 rem
524 3880 622 3963 gessi,
636 3885 827 3960 exutosque
848 3878 977 3962 absque
1000 3880 1145 3963 strepitu
1168 3880 1203 3948 in
1226 3879 1379 3950 tabulato

380 4001 484 4064 prope
499 3980 606 4048 imum
621 3979 768 4062 gradum
783 3980 925 4061 seposui.

462 4081 578 4160 Quum
599 4078 744 4161 denique
767 4079 951 4162 angoribus
974 4081 1141 4150 allevatus
1161 4088 1267 4164 caput
1287 4103 1380 4150 erex-

382 4202 487 4264 eram,
501 4179 653 4264 Godfrey
667 4186 703 4248 et
717 4179 906 4250 Simmonds
921 4202 981 4264 per
995 4180 1132 4265 gradus,
1144 4180 1288 4265 quisque
1302 4183 1383 4253 sclo-
