3500 5158
744 1791 896 1865 CAPUT
917 1793 1028 1863 XXIII

636 1979 731 2046 Hero
747 1979 849 2060 Piqot
866 1977 1010 2048 Obviam
1029 1981 1135 2050 [mats.

474 2160 667 2229 Posrmole
688 2167 840 2243 tempore
856 2161 1085 2244 pomeridiano
1100 2163 1169 2232 Iam
1194 2184 1237 2232 ex
1258 2161 1391 2231 officina

393 2260 526 2344 prodire
541 2261 713 2343 parabam,
729 2283 836 2344 quum
851 2262 1002 2345 Godfrey
1016 2285 1071 2331 me
1087 2284 1147 2345 per
1172 2261 1390 2344 telephonum

391 2363 599 2444 provocavit.

475 2459 654 2542 “Quonam
681 2460 779 2530 hodie
810 2461 904 2531 vales
932 2461 1043 2545 modo,
1074 2460 1239 2533 Lester?”
1267 2462 1391 2544 quaerit

392 2562 456 2630 ille.

476 2659 574 2730 “Non
589 2682 632 2730 ex
647 2659 737 2729 omni
753 2681 896 2730 numero
911 2667 951 2731 ut
965 2663 1118 2745 vellem‚’'
1141 2659 1307 2744 respondi.

474 2761 610 2832 “Iamne
625 2767 786 2846 paravisti
800 2785 878 2847 quae
892 2763 935 2833 ad
950 2763 1194 2846 profectionem
1215 2769 1312 2832 tuam
1336 2761 1389 2832 die

393 2862 482 2932 Iovis
495 2862 652 2932 feriatam
670 2872 824 2948 spectant
839 2863 998 2932 omnia?”

475 2960 533 3031 “Id
549 2963 696 3046 quidem,
712 2965 863 3046 Godfrey
878 2963 935 3046 mi,
960 2961 1053 3032 haud
1078 2961 1320 3045 lepidissimum
1344 2961 1389 3032 io

392 3085 557 3132 comesse
573 3063 750 3134 arbitror.”

476 3162 662 3245 “Equidem
677 3165 770 3235 nullo
782 3163 882 3233 modo
895 3163 995 3232 iocor.
1011 3162 1096 3232 Volo
1110 3170 1145 3231 te
1160 3183 1202 3230 ea
1215 3183 1389 3244 apparare.

392 3263 527 3332 Interea
539 3271 654 3332 tamen
669 3263 752 3347 quid
767 3264 828 3334 tibi
842 3264 884 3333 de
899 3264 1024 3333 haustu
1049 3263 1189 3332 modicae
1211 3283 1306 3332 aurae
1329 3263 1390 3332 sal-

393 3385 449 3444 sae,
464 3362 527 3432 hac
542 3363 614 3446 ipsa
629 3386 781 3448 vespera,
797 3364 934 3433 videtur
943 3362 980 3432 ?'’

477 3461 608 3543 “Quam
624 3465 800 3546 optimum.
816 3465 922 3546 Ecqui
937 3462 971 3531 id
986 3461 1120 3532 eveniet
1129 3461 1165 3531 ?’'

482 3561 560 3632 “La
575 3565 699 3633 Sovoie
713 3564 802 3634 circa
816 3564 935 3632 horam
961 3571 1092 3632 sextam
1107 3562 1151 3631 ad
1172 3563 1388 3632 moratoriam

393 3663 547 3746 appellet.
569 3663 642 3744 Ego
656 3671 773 3732 nostra
787 3665 906 3733 celoce¹
923 3662 954 3732 ei
978 3660 1113 3732 obviam
1135 3661 1200 3731 ibo.
1223 3663 1390 3746 Inspecto·

394 3785 465 3832 rem
482 3762 581 3844 Pigot
597 3797 636 3808 —
652 3770 811 3846 agentem
833 3763 1033 3832 Francicum
1047 3797 1088 3808 -
1103 3761 1220 3844 paucis
1233 3764 1390 3832 conveni·

394 3886 430 3933 re
445 3863 532 3933 volo.
553 3863 656 3932 Visne
670 3863 832 3933 interesse
842 3863 879 3932 ?'’

494 4066 517 4116 1.
537 4062 631 4126 Color,
647 4063 710 4126 oio,
727 4080 815 4130 genus
827 4071 869 4118 est
881 4063 960 4116 navis
988 4063 1133 4124 celerioris,
1158 4063 1314 4131 plerumque
1339 4064 1391 4130 pri-

395 4155 528 4210 vatorum,
540 4148 573 4200 ad
586 4147 772 4214 navigandum
785 4148 872 4200 antini
885 4163 974 4200 causa
