<?xml version="1.0" encoding="UTF-8"?>
<!DOCTYPE html PUBLIC "-//W3C//DTD XHTML 1.0 Transitional//EN"
    "http://www.w3.org/TR/xhtml1/DTD/xhtml1-transitional.dtd">
<html xmlns="http://www.w3.org/1999/xhtml" xml:lang="en" lang="en">
 <head>
  <title>
</title>
<meta http-equiv="Content-Type" content="text/html;charset=utf-8" />
  <meta name='ocr-system' content='tesseract 3.04.00' />
  <meta name='ocr-capabilities' content='ocr_page ocr_carea ocr_par ocr_line ocrx_word'/>
</head>
<body>
  <div class='ocr_page' id='page_1' title='image "./mysteriumarcbou00mogygoog/mysteriumarcbou00mogygoog_0048.png"; bbox 0 0 3502 5158; ppageno 0'>
   <div class='ocr_carea' id='block_1_1' title="bbox 648 911 1325 982">
    <p class='ocr_par' dir='ltr' id='par_1_1' title="bbox 648 911 1325 982">
     <span class='ocr_line' id='line_1_1' title="bbox 648 911 1325 982; baseline -0.003 0"><span class='ocrx_word' id='word_1_1' title='bbox 648 928 773 982; x_wconf 80' lang='lat' dir='ltr'>nanus</span> <span class='ocrx_word' id='word_1_2' title='bbox 793 927 1013 982; x_wconf 63' lang='lat' dir='ltr'>munna</span> <span class='ocrx_word' id='word_1_3' title='bbox 1282 911 1325 980; x_wconf 80' lang='lat'>33</span> 
     </span>
    </p>
   </div>
   <div class='ocr_carea' id='block_1_2' title="bbox 327 1093 1326 1267">
    <p class='ocr_par' dir='ltr' id='par_1_2' title="bbox 327 1093 1326 1267">
     <span class='ocr_line' id='line_1_2' title="bbox 411 1093 1326 1180; baseline -0.002 -14"><span class='ocrx_word' id='word_1_4' title='bbox 411 1095 471 1166; x_wconf 91' lang='lat' dir='ltr'>“ld</span> <span class='ocrx_word' id='word_1_5' title='bbox 487 1096 546 1166; x_wconf 88' lang='lat' dir='ltr'>vix</span> <span class='ocrx_word' id='word_1_6' title='bbox 561 1095 732 1180; x_wconf 83' lang='lat' dir='ltr'>probabile</span> <span class='ocrx_word' id='word_1_7' title='bbox 742 1095 965 1179; x_wconf 85' lang='lat' dir='ltr'>putandum,&#39;&#39;</span> <span class='ocrx_word' id='word_1_8' title='bbox 974 1095 1100 1178; x_wconf 80' lang='lat' dir='ltr'>negavi</span> <span class='ocrx_word' id='word_1_9' title='bbox 1109 1116 1184 1177; x_wconf 80' lang='lat' dir='ltr'>ego,</span> <span class='ocrx_word' id='word_1_10' title='bbox 1195 1093 1326 1165; x_wconf 89' lang='lat' dir='ltr'>“multo</span> 
     </span>
     <span class='ocr_line' id='line_1_3' title="bbox 327 1196 936 1267; baseline 0 -1"><span class='ocrx_word' id='word_1_11' title='bbox 327 1196 417 1266; x_wconf 89' lang='lat' dir='ltr'>enim</span> <span class='ocrx_word' id='word_1_12' title='bbox 433 1196 596 1267; x_wconf 86' lang='lat' dir='ltr'>tenuioris</span> <span class='ocrx_word' id='word_1_13' title='bbox 610 1196 791 1267; x_wconf 86' lang='lat' dir='ltr'>videbatur</span> <span class='ocrx_word' id='word_1_14' title='bbox 805 1196 936 1266; x_wconf 89' lang='lat' dir='ltr'>sortis.”</span> 
     </span>
    </p>
   </div>
   <div class='ocr_carea' id='block_1_3' title="bbox 327 1313 1329 1600">
    <p class='ocr_par' dir='ltr' id='par_1_3' title="bbox 327 1313 1329 1600">
     <span class='ocr_line' id='line_1_4' title="bbox 412 1313 1328 1397; baseline -0.003 -13"><span class='ocrx_word' id='word_1_15' title='bbox 412 1314 563 1385; x_wconf 89' lang='lat' dir='ltr'><strong>“Tamen</strong></span> <span class='ocrx_word' id='word_1_16' title='bbox 578 1337 671 1384; x_wconf 90' lang='lat' dir='ltr'>nunc</span> <span class='ocrx_word' id='word_1_17' title='bbox 685 1314 824 1384; x_wconf 89' lang='lat' dir='ltr'>memini</span> <span class='ocrx_word' id='word_1_18' title='bbox 840 1314 1008 1397; x_wconf 84' lang='lat' dir='ltr'>pagellam</span> <span class='ocrx_word' id='word_1_19' title='bbox 1022 1313 1096 1383; x_wconf 92' lang='lat' dir='ltr'>eius</span> <span class='ocrx_word' id='word_1_20' title='bbox 1110 1335 1219 1396; x_wconf 88' lang='lat' dir='ltr'>quum</span> <span class='ocrx_word' id='word_1_21' title='bbox 1233 1335 1328 1397; x_wconf 86' lang='lat' dir='ltr'>aspe-</span> 
     </span>
     <span class='ocr_line' id='line_1_5' title="bbox 327 1413 1329 1498; baseline -0.003 -12"><span class='ocrx_word' id='word_1_22' title='bbox 327 1437 443 1486; x_wconf 81' lang='lat' dir='ltr'>xeram</span> <span class='ocrx_word' id='word_1_23' title='bbox 457 1415 698 1498; x_wconf 83' lang='lat' dir='ltr'>cogitationem</span> <span class='ocrx_word' id='word_1_24' title='bbox 713 1415 786 1484; x_wconf 91' lang='lat' dir='ltr'>eius</span> <span class='ocrx_word' id='word_1_25' title='bbox 806 1414 942 1498; x_wconf 84' lang='lat' dir='ltr'>generis</span> <span class='ocrx_word' id='word_1_26' title='bbox 956 1413 1069 1483; x_wconf 87' lang='lat' dir='ltr'>animo</span> <span class='ocrx_word' id='word_1_27' title='bbox 1083 1413 1167 1481; x_wconf 90' lang='lat' dir='ltr'>mihi</span> <span class='ocrx_word' id='word_1_28' title='bbox 1182 1413 1329 1497; x_wconf 86' lang='lat' dir='ltr'>obrepis-</span> 
     </span>
     <span class='ocr_line' id='line_1_6' title="bbox 329 1512 1326 1600; baseline -0.002 -14"><span class='ocrx_word' id='word_1_29' title='bbox 329 1539 375 1600; x_wconf 91' lang='lat' dir='ltr'>se,</span> <span class='ocrx_word' id='word_1_30' title='bbox 383 1523 419 1585; x_wconf 91' lang='lat' dir='ltr'>et</span> <span class='ocrx_word' id='word_1_31' title='bbox 429 1515 577 1585; x_wconf 90' lang='lat' dir='ltr'>Vantine</span> <span class='ocrx_word' id='word_1_32' title='bbox 588 1536 667 1584; x_wconf 91' lang='lat' dir='ltr'>eum</span> <span class='ocrx_word' id='word_1_33' title='bbox 676 1515 720 1585; x_wconf 93' lang='lat' dir='ltr'>ob</span> <span class='ocrx_word' id='word_1_34' title='bbox 728 1515 762 1584; x_wconf 94' lang='lat' dir='ltr'>id</span> <span class='ocrx_word' id='word_1_35' title='bbox 774 1536 834 1598; x_wconf 91' lang='lat' dir='ltr'>per</span> <span class='ocrx_word' id='word_1_36' title='bbox 842 1513 949 1583; x_wconf 86' lang='lat' dir='ltr'>Parks</span> <span class='ocrx_word' id='word_1_37' title='bbox 956 1520 1151 1597; x_wconf 84' lang='lat' dir='ltr'>exspectare</span> <span class='ocrx_word' id='word_1_38' title='bbox 1158 1512 1326 1584; x_wconf 89' lang='lat' dir='ltr'>iussisse.”</span> 
     </span>
    </p>
   </div>
   <div class='ocr_carea' id='block_1_4' title="bbox 327 1629 1329 2532">
    <p class='ocr_par' dir='ltr' id='par_1_4' title="bbox 327 1629 1328 2003">
     <span class='ocr_line' id='line_1_7' title="bbox 411 1629 1326 1714; baseline -0.002 -12"><span class='ocrx_word' id='word_1_39' title='bbox 411 1629 521 1702; x_wconf 87' lang='lat' dir='ltr'>“Fieri</span> <span class='ocrx_word' id='word_1_40' title='bbox 546 1639 638 1701; x_wconf 91' lang='lat' dir='ltr'>certe</span> <span class='ocrx_word' id='word_1_41' title='bbox 663 1631 807 1714; x_wconf 86' lang='lat' dir='ltr'>potest‚&#39;’</span> <span class='ocrx_word' id='word_1_42' title='bbox 833 1630 978 1700; x_wconf 81' lang='lat' dir='ltr'>fatebar.</span> <span class='ocrx_word' id='word_1_43' title='bbox 1012 1629 1071 1699; x_wconf 90' lang='lat' dir='ltr'>“Id</span> <span class='ocrx_word' id='word_1_44' title='bbox 1095 1635 1211 1698; x_wconf 85' lang='lat' dir='ltr'>tamen</span> <span class='ocrx_word' id='word_1_45' title='bbox 1234 1629 1326 1700; x_wconf 88' lang='lat' dir='ltr'>haud</span> 
     </span>
     <span class='ocr_line' id='line_1_8' title="bbox 328 1727 1328 1814; baseline -0.003 -11"><span class='ocrx_word' id='word_1_46' title='bbox 328 1731 460 1803; x_wconf 91' lang='lat' dir='ltr'>tolleret</span> <span class='ocrx_word' id='word_1_47' title='bbox 475 1753 623 1814; x_wconf 87' lang='lat' dir='ltr'>causam,</span> <span class='ocrx_word' id='word_1_48' title='bbox 639 1753 745 1814; x_wconf 87' lang='lat' dir='ltr'>quare</span> <span class='ocrx_word' id='word_1_49' title='bbox 760 1731 873 1800; x_wconf 85' lang='lat' dir='ltr'>animo</span> <span class='ocrx_word' id='word_1_50' title='bbox 898 1731 1088 1800; x_wconf 89' lang='lat' dir='ltr'>concitatus</span> <span class='ocrx_word' id='word_1_51' title='bbox 1110 1727 1245 1799; x_wconf 85' lang='lat' dir='ltr'>fuisset.</span> <span class='ocrx_word' id='word_1_52' title='bbox 1282 1729 1328 1800; x_wconf 85' lang='lat' dir='ltr'>Et</span> 
     </span>
     <span class='ocr_line' id='line_1_9' title="bbox 327 1829 1325 1916; baseline -0.002 -14"><span class='ocrx_word' id='word_1_53' title='bbox 327 1833 391 1903; x_wconf 89' lang='lat' dir='ltr'>bac</span> <span class='ocrx_word' id='word_1_54' title='bbox 409 1854 445 1902; x_wconf 91' lang='lat' dir='ltr'>re</span> <span class='ocrx_word' id='word_1_55' title='bbox 460 1831 674 1916; x_wconf 88' lang='lat' dir='ltr'>admoneor,&#39;&#39;</span> <span class='ocrx_word' id='word_1_56' title='bbox 690 1831 860 1913; x_wconf 86' lang='lat' dir='ltr'>subiunxi,</span> <span class='ocrx_word' id='word_1_57' title='bbox 876 1829 1077 1900; x_wconf 87' lang='lat' dir='ltr'>“remulcale</span> <span class='ocrx_word' id='word_1_58' title='bbox 1101 1849 1156 1898; x_wconf 91' lang='lat' dir='ltr'>me</span> <span class='ocrx_word' id='word_1_59' title='bbox 1178 1829 1325 1900; x_wconf 83' lang='lat' dir='ltr'><strong>necdum</strong></span> 
     </span>
     <span class='ocr_line' id='line_1_10' title="bbox 329 1932 491 2003; baseline 0 -1"><span class='ocrx_word' id='word_1_60' title='bbox 329 1932 491 2003; x_wconf 84' lang='lat' dir='ltr'>misisse.’&#39;</span> 
     </span>
    </p>

    <p class='ocr_par' dir='ltr' id='par_1_5' title="bbox 327 2046 1329 2320">
     <span class='ocr_line' id='line_1_11' title="bbox 411 2046 1329 2131; baseline -0.003 -12"><span class='ocrx_word' id='word_1_61' title='bbox 411 2048 564 2119; x_wconf 90' lang='lat' dir='ltr'>“Poteris</span> <span class='ocrx_word' id='word_1_62' title='bbox 577 2048 713 2131; x_wconf 90' lang='lat' dir='ltr'>vesperi</span> <span class='ocrx_word' id='word_1_63' title='bbox 727 2047 912 2118; x_wconf 87' lang='lat' dir='ltr'>commode.</span> <span class='ocrx_word' id='word_1_64' title='bbox 934 2047 1016 2118; x_wconf 90' lang='lat' dir='ltr'>Cras</span> <span class='ocrx_word' id='word_1_65' title='bbox 1030 2069 1131 2119; x_wconf 90' lang='lat' dir='ltr'>mane</span> <span class='ocrx_word' id='word_1_66' title='bbox 1154 2049 1189 2120; x_wconf 96' lang='lat' dir='ltr'>id</span> <span class='ocrx_word' id='word_1_67' title='bbox 1211 2046 1329 2118; x_wconf 77' lang='lat' dir='ltr'>redde</span> 
     </span>
     <span class='ocr_line' id='line_1_12' title="bbox 327 2147 1327 2233; baseline -0.002 -13"><span class='ocrx_word' id='word_1_68' title='bbox 327 2157 394 2220; x_wconf 86' lang='lat' dir='ltr'>tur.</span> <span class='ocrx_word' id='word_1_69' title='bbox 416 2150 545 2219; x_wconf 90' lang='lat' dir='ltr'>Verum</span> <span class='ocrx_word' id='word_1_70' title='bbox 561 2156 600 2218; x_wconf 91' lang='lat' dir='ltr'>tu</span> <span class='ocrx_word' id='word_1_71' title='bbox 615 2170 729 2218; x_wconf 87' lang='lat' dir='ltr'>arcam</span> <span class='ocrx_word' id='word_1_72' title='bbox 743 2148 895 2218; x_wconf 89' lang='lat' dir='ltr'>nondum</span> <span class='ocrx_word' id='word_1_73' title='bbox 910 2147 1034 2218; x_wconf 86' lang='lat' dir='ltr'>vidisti.</span> <span class='ocrx_word' id='word_1_74' title='bbox 1070 2149 1167 2233; x_wconf 90' lang='lat' dir='ltr'>Veni,</span> <span class='ocrx_word' id='word_1_75' title='bbox 1191 2148 1327 2220; x_wconf 89' lang='lat' dir='ltr'>descen·</span> 
     </span>
     <span class='ocr_line' id='line_1_13' title="bbox 328 2249 606 2320; baseline -0.011 0"><span class='ocrx_word' id='word_1_76' title='bbox 328 2251 449 2320; x_wconf 89' lang='lat' dir='ltr'>damus</span> <span class='ocrx_word' id='word_1_77' title='bbox 462 2249 606 2318; x_wconf 89' lang='lat' dir='ltr'>visum.”</span> 
     </span>
    </p>

    <p class='ocr_par' dir='ltr' id='par_1_6' title="bbox 328 2347 1326 2532">
     <span class='ocr_line' id='line_1_14' title="bbox 410 2347 1326 2432; baseline -0.001 -14"><span class='ocrx_word' id='word_1_78' title='bbox 410 2351 577 2419; x_wconf 89' lang='lat' dir='ltr'>Deorsum</span> <span class='ocrx_word' id='word_1_79' title='bbox 591 2349 719 2432; x_wconf 82' lang='lat' dir='ltr'>gradus</span> <span class='ocrx_word' id='word_1_80' title='bbox 733 2369 770 2418; x_wconf 91' lang='lat' dir='ltr'>se</span> <span class='ocrx_word' id='word_1_81' title='bbox 784 2347 907 2419; x_wconf 88' lang='lat' dir='ltr'>ducem</span> <span class='ocrx_word' id='word_1_82' title='bbox 922 2348 1092 2432; x_wconf 76' lang='lat' dir='ltr'>praestitit</span> <span class='ocrx_word' id='word_1_83' title='bbox 1107 2349 1215 2420; x_wconf 89' lang='lat' dir='ltr'>Parks</span> <span class='ocrx_word' id='word_1_84' title='bbox 1229 2348 1326 2420; x_wconf 90' lang='lat' dir='ltr'>nobis</span> 
     </span>
     <span class='ocr_line' id='line_1_15' title="bbox 328 2449 780 2532; baseline -0.004 -12"><span class='ocrx_word' id='word_1_85' title='bbox 328 2451 364 2521; x_wconf 90' lang='lat' dir='ltr'>in</span> <span class='ocrx_word' id='word_1_86' title='bbox 379 2452 481 2520; x_wconf 84' lang='lat' dir='ltr'>fauce</span> <span class='ocrx_word' id='word_1_87' title='bbox 495 2449 565 2518; x_wconf 92' lang='lat' dir='ltr'>ima</span> <span class='ocrx_word' id='word_1_88' title='bbox 580 2449 718 2532; x_wconf 91' lang='lat' dir='ltr'>occurit,</span> <span class='ocrx_word' id='word_1_89' title='bbox 734 2455 780 2532; x_wconf 92' lang='lat' dir='ltr'>et,</span> 
     </span>
    </p>
   </div>
   <div class='ocr_carea' id='block_1_5' title="bbox 327 2565 1327 3150">
    <p class='ocr_par' dir='ltr' id='par_1_7' title="bbox 327 2565 1326 2738">
     <span class='ocr_line' id='line_1_16' title="bbox 411 2565 1326 2651; baseline 0 -15"><span class='ocrx_word' id='word_1_90' title='bbox 411 2565 560 2636; x_wconf 88' lang='lat' dir='ltr'>“Delecti</span> <span class='ocrx_word' id='word_1_91' title='bbox 574 2567 759 2636; x_wconf 86' lang='lat' dir='ltr'>relatorum</span> <span class='ocrx_word' id='word_1_92' title='bbox 781 2566 866 2635; x_wconf 81' lang='lat' dir='ltr'>ioris</span> <span class='ocrx_word' id='word_1_93' title='bbox 890 2574 925 2636; x_wconf 92' lang='lat' dir='ltr'>te</span> <span class='ocrx_word' id='word_1_94' title='bbox 951 2567 1180 2651; x_wconf 83' lang='lat' dir='ltr'>exspectant,&#39;&#39;</span> <span class='ocrx_word' id='word_1_95' title='bbox 1204 2565 1326 2649; x_wconf 86' lang='lat' dir='ltr'>inquit</span> 
     </span>
     <span class='ocr_line' id='line_1_17' title="bbox 327 2665 1190 2738; baseline 0.001 -1"><span class='ocrx_word' id='word_1_96' title='bbox 327 2665 382 2737; x_wconf 88' lang='lat' dir='ltr'>“N</span> <span class='ocrx_word' id='word_1_97' title='bbox 383 2667 520 2736; x_wconf 89' lang='lat' dir='ltr'>untiant</span> <span class='ocrx_word' id='word_1_98' title='bbox 535 2689 570 2736; x_wconf 92' lang='lat' dir='ltr'>se</span> <span class='ocrx_word' id='word_1_99' title='bbox 586 2673 621 2736; x_wconf 91' lang='lat' dir='ltr'>te</span> <span class='ocrx_word' id='word_1_100' title='bbox 636 2667 824 2736; x_wconf 87' lang='lat' dir='ltr'>necessario</span> <span class='ocrx_word' id='word_1_101' title='bbox 839 2667 1020 2737; x_wconf 91' lang='lat' dir='ltr'>convenire</span> <span class='ocrx_word' id='word_1_102' title='bbox 1035 2666 1190 2738; x_wconf 87' lang='lat' dir='ltr'>debere.”</span> 
     </span>
    </p>

    <p class='ocr_par' dir='ltr' id='par_1_8' title="bbox 410 2766 1143 2849">
     <span class='ocr_line' id='line_1_18' title="bbox 410 2766 1143 2849; baseline 0.003 -13"><span class='ocrx_word' id='word_1_103' title='bbox 410 2767 557 2836; x_wconf 90' lang='lat' dir='ltr'>Vantine</span> <span class='ocrx_word' id='word_1_104' title='bbox 573 2773 670 2836; x_wconf 89' lang='lat' dir='ltr'>motu</span> <span class='ocrx_word' id='word_1_105' title='bbox 685 2766 832 2849; x_wconf 87' lang='lat' dir='ltr'>prodidit</span> <span class='ocrx_word' id='word_1_106' title='bbox 848 2789 883 2836; x_wconf 88' lang='lat' dir='ltr'>se</span> <span class='ocrx_word' id='word_1_107' title='bbox 898 2767 1046 2837; x_wconf 89' lang='lat' dir='ltr'>invitum</span> <span class='ocrx_word' id='word_1_108' title='bbox 1061 2789 1143 2838; x_wconf 91' lang='lat' dir='ltr'>esse.</span> 
     </span>
    </p>

    <p class='ocr_par' dir='ltr' id='par_1_9' title="bbox 328 2866 1327 3150">
     <span class='ocr_line' id='line_1_19' title="bbox 409 2866 1320 2950; baseline 0 -14"><span class='ocrx_word' id='word_1_109' title='bbox 409 2866 490 2936; x_wconf 89' lang='lat' dir='ltr'>“Dic</span> <span class='ocrx_word' id='word_1_110' title='bbox 500 2866 563 2936; x_wconf 91' lang='lat' dir='ltr'>illis</span> <span class='ocrx_word' id='word_1_111' title='bbox 571 2889 626 2936; x_wconf 92' lang='lat' dir='ltr'>me</span> <span class='ocrx_word' id='word_1_112' title='bbox 639 2867 776 2936; x_wconf 91' lang='lat' dir='ltr'>omnino</span> <span class='ocrx_word' id='word_1_113' title='bbox 787 2888 914 2949; x_wconf 86' lang='lat' dir='ltr'>negare</span> <span class='ocrx_word' id='word_1_114' title='bbox 926 2867 997 2936; x_wconf 91' lang='lat' dir='ltr'>sive</span> <span class='ocrx_word' id='word_1_115' title='bbox 1009 2889 1074 2950; x_wconf 88' lang='lat' dir='ltr'>me,</span> <span class='ocrx_word' id='word_1_116' title='bbox 1086 2867 1158 2938; x_wconf 86' lang='lat' dir='ltr'>sive</span> <span class='ocrx_word' id='word_1_117' title='bbox 1169 2867 1320 2937; x_wconf 82' lang='lat' dir='ltr'>famulos</span> 
     </span>
     <span class='ocr_line' id='line_1_20' title="bbox 328 2965 1327 3052; baseline -0.003 -14"><span class='ocrx_word' id='word_1_118' title='bbox 328 2989 431 3050; x_wconf 88' lang='lat' dir='ltr'>meos,</span> <span class='ocrx_word' id='word_1_119' title='bbox 439 2966 619 3037; x_wconf 88' lang='lat' dir='ltr'>convenire</span> <span class='ocrx_word' id='word_1_120' title='bbox 628 2987 687 3036; x_wconf 91' lang='lat' dir='ltr'>eos</span> <span class='ocrx_word' id='word_1_121' title='bbox 700 2966 818 3048; x_wconf 90' lang='lat' dir='ltr'>velle,&#39;&#39;</span> <span class='ocrx_word' id='word_1_122' title='bbox 833 2967 981 3036; x_wconf 90' lang='lat' dir='ltr'>Vantine</span> <span class='ocrx_word' id='word_1_123' title='bbox 996 2967 1178 3052; x_wconf 78' lang='lat' dir='ltr'>respondit</span> <span class='ocrx_word' id='word_1_124' title='bbox 1189 2965 1327 3051; x_wconf 84' lang='lat' dir='ltr'>“Siquid</span> 
     </span>
     <span class='ocr_line' id='line_1_21' title="bbox 328 3065 1123 3150; baseline -0.003 -11"><span class='ocrx_word' id='word_1_125' title='bbox 328 3068 412 3139; x_wconf 87' lang='lat' dir='ltr'>scire</span> <span class='ocrx_word' id='word_1_126' title='bbox 426 3067 544 3150; x_wconf 91' lang='lat' dir='ltr'>velint,</span> <span class='ocrx_word' id='word_1_127' title='bbox 558 3089 579 3136; x_wconf 89' lang='lat' dir='ltr'>a</span> <span class='ocrx_word' id='word_1_128' title='bbox 594 3065 732 3136; x_wconf 89' lang='lat' dir='ltr'>decuria</span> <span class='ocrx_word' id='word_1_129' title='bbox 745 3067 903 3136; x_wconf 91' lang='lat' dir='ltr'>lictorum</span> <span class='ocrx_word' id='word_1_130' title='bbox 918 3067 1123 3150; x_wconf 87' lang='lat' dir='ltr'>requirant.&#39;&#39;</span> 
     </span>
    </p>
   </div>
   <div class='ocr_carea' id='block_1_6' title="bbox 327 3182 1327 3370">
    <p class='ocr_par' dir='ltr' id='par_1_10' title="bbox 327 3182 1327 3370">
     <span class='ocr_line' id='line_1_22' title="bbox 409 3182 1327 3267; baseline 0 -13"><span class='ocrx_word' id='word_1_131' title='bbox 409 3182 479 3254; x_wconf 88' lang='lat' dir='ltr'>“Ut</span> <span class='ocrx_word' id='word_1_132' title='bbox 493 3183 599 3266; x_wconf 86' lang='lat' dir='ltr'>iubes,</span> <span class='ocrx_word' id='word_1_133' title='bbox 614 3183 661 3252; x_wconf 92' lang='lat' dir='ltr'>mi</span> <span class='ocrx_word' id='word_1_134' title='bbox 682 3182 805 3266; x_wconf 89' lang='lat' dir='ltr'>Here,&#39;&#39;</span> <span class='ocrx_word' id='word_1_135' title='bbox 831 3184 1004 3267; x_wconf 88' lang='lat' dir='ltr'>respondit</span> <span class='ocrx_word' id='word_1_136' title='bbox 1029 3183 1145 3266; x_wconf 90' lang='lat' dir='ltr'>Parks,</span> <span class='ocrx_word' id='word_1_137' title='bbox 1171 3205 1327 3254; x_wconf 79' lang='lat' dir='ltr'>aversus</span> 
     </span>
     <span class='ocr_line' id='line_1_23' title="bbox 327 3282 825 3370; baseline -0.008 -13"><span class='ocrx_word' id='word_1_138' title='bbox 327 3308 394 3370; x_wconf 86' lang='lat' dir='ltr'>que</span> <span class='ocrx_word' id='word_1_139' title='bbox 409 3283 569 3354; x_wconf 91' lang='lat' dir='ltr'>dentibus</span> <span class='ocrx_word' id='word_1_140' title='bbox 583 3283 668 3353; x_wconf 90' lang='lat' dir='ltr'>albis</span> <span class='ocrx_word' id='word_1_141' title='bbox 683 3282 825 3353; x_wconf 90' lang='lat' dir='ltr'>ridebat.</span> 
     </span>
    </p>
   </div>
   <div class='ocr_carea' id='block_1_7' title="bbox 325 3399 1327 4284">
    <p class='ocr_par' dir='ltr' id='par_1_11' title="bbox 325 3399 1327 4284">
     <span class='ocr_line' id='line_1_24' title="bbox 408 3399 1326 3484; baseline -0.001 -12"><span class='ocrx_word' id='word_1_142' title='bbox 408 3401 557 3472; x_wconf 91' lang='lat' dir='ltr'>Vantine</span> <span class='ocrx_word' id='word_1_143' title='bbox 572 3421 773 3483; x_wconf 83' lang='lat' dir='ltr'>progressus</span> <span class='ocrx_word' id='word_1_144' title='bbox 786 3399 822 3470; x_wconf 94' lang='lat' dir='ltr'>in</span> <span class='ocrx_word' id='word_1_145' title='bbox 836 3402 1005 3483; x_wconf 90' lang='lat' dir='ltr'>conclave,</span> <span class='ocrx_word' id='word_1_146' title='bbox 1031 3401 1067 3471; x_wconf 93' lang='lat' dir='ltr'>in</span> <span class='ocrx_word' id='word_1_147' title='bbox 1090 3423 1158 3484; x_wconf 87' lang='lat' dir='ltr'>quo</span> <span class='ocrx_word' id='word_1_148' title='bbox 1178 3400 1326 3472; x_wconf 85' lang='lat' dir='ltr'>cadaver</span> 
     </span>
     <span class='ocr_line' id='line_1_25' title="bbox 326 3499 1327 3585; baseline 0 -14"><span class='ocrx_word' id='word_1_149' title='bbox 326 3500 531 3571; x_wconf 77' lang='lat' dir='ltr'>infortunati</span> <span class='ocrx_word' id='word_1_150' title='bbox 557 3499 678 3569; x_wconf 86' lang='lat' dir='ltr'>Franci</span> <span class='ocrx_word' id='word_1_151' title='bbox 704 3521 948 3582; x_wconf 88' lang='lat' dir='ltr'>repererarnus‚</span> <span class='ocrx_word' id='word_1_152' title='bbox 972 3500 1051 3571; x_wconf 90' lang='lat' dir='ltr'>inde</span> <span class='ocrx_word' id='word_1_153' title='bbox 1075 3501 1250 3585; x_wconf 82' lang='lat' dir='ltr'>ingressus</span> <span class='ocrx_word' id='word_1_154' title='bbox 1274 3509 1327 3571; x_wconf 90' lang='lat' dir='ltr'>est</span> 
     </span>
     <span class='ocr_line' id='line_1_26' title="bbox 325 3599 1324 3684; baseline 0 -13"><span class='ocrx_word' id='word_1_155' title='bbox 325 3600 519 3671; x_wconf 88' lang='lat' dir='ltr'>cubiculum</span> <span class='ocrx_word' id='word_1_156' title='bbox 545 3599 624 3669; x_wconf 91' lang='lat' dir='ltr'>huic</span> <span class='ocrx_word' id='word_1_157' title='bbox 649 3599 861 3682; x_wconf 76' lang='lat' dir='ltr'>contiguum.</span> <span class='ocrx_word' id='word_1_158' title='bbox 897 3600 1001 3670; x_wconf 83' lang='lat' dir='ltr'>Varia</span> <span class='ocrx_word' id='word_1_159' title='bbox 1023 3599 1070 3670; x_wconf 90' lang='lat' dir='ltr'>ibi</span> <span class='ocrx_word' id='word_1_160' title='bbox 1084 3608 1158 3670; x_wconf 88' lang='lat' dir='ltr'>erat</span> <span class='ocrx_word' id='word_1_161' title='bbox 1173 3602 1324 3684; x_wconf 87' lang='lat' dir='ltr'>supellex</span> 
     </span>
     <span class='ocr_line' id='line_1_27' title="bbox 326 3700 1326 3784; baseline 0 -14"><span class='ocrx_word' id='word_1_162' title='bbox 326 3720 470 3770; x_wconf 90' lang='lat' dir='ltr'>numero</span> <span class='ocrx_word' id='word_1_163' title='bbox 486 3700 600 3782; x_wconf 86' lang='lat' dir='ltr'>quinae</span> <span class='ocrx_word' id='word_1_164' title='bbox 615 3705 677 3768; x_wconf 88' lang='lat' dir='ltr'>aut</span> <span class='ocrx_word' id='word_1_165' title='bbox 691 3719 792 3781; x_wconf 88' lang='lat' dir='ltr'>senae,</span> <span class='ocrx_word' id='word_1_166' title='bbox 817 3706 854 3768; x_wconf 92' lang='lat' dir='ltr'>et</span> <span class='ocrx_word' id='word_1_167' title='bbox 878 3706 919 3768; x_wconf 91' lang='lat' dir='ltr'>ut</span> <span class='ocrx_word' id='word_1_168' title='bbox 941 3708 1099 3782; x_wconf 84' lang='lat' dir='ltr'>aspectus</span> <span class='ocrx_word' id='word_1_169' title='bbox 1121 3722 1236 3770; x_wconf 90' lang='lat' dir='ltr'>rerum</span> <span class='ocrx_word' id='word_1_170' title='bbox 1251 3723 1326 3784; x_wconf 93' lang='lat' dir='ltr'>pro-</span> 
     </span>
     <span class='ocr_line' id='line_1_28' title="bbox 326 3799 1326 3884; baseline 0.001 -14"><span class='ocrx_word' id='word_1_171' title='bbox 326 3799 439 3884; x_wconf 90' lang='lat' dir='ltr'>debat,</span> <span class='ocrx_word' id='word_1_172' title='bbox 454 3799 556 3869; x_wconf 92' lang='lat' dir='ltr'>modo</span> <span class='ocrx_word' id='word_1_173' title='bbox 570 3805 708 3869; x_wconf 89' lang='lat' dir='ltr'>tantum</span> <span class='ocrx_word' id='word_1_174' title='bbox 729 3805 889 3882; x_wconf 87' lang='lat' dir='ltr'>evasatae,</span> <span class='ocrx_word' id='word_1_175' title='bbox 915 3807 1030 3883; x_wconf 86' lang='lat' dir='ltr'>atque,</span> <span class='ocrx_word' id='word_1_176' title='bbox 1045 3800 1186 3884; x_wconf 83' lang='lat' dir='ltr'>ignarus</span> <span class='ocrx_word' id='word_1_177' title='bbox 1211 3807 1252 3871; x_wconf 92' lang='lat' dir='ltr'>ut</span> <span class='ocrx_word' id='word_1_178' title='bbox 1274 3823 1326 3871; x_wconf 91' lang='lat' dir='ltr'>re-</span> 
     </span>
     <span class='ocr_line' id='line_1_29' title="bbox 326 3899 1326 3983; baseline 0.001 -12"><span class='ocrx_word' id='word_1_179' title='bbox 326 3922 405 3972; x_wconf 92' lang='lat' dir='ltr'>rum</span> <span class='ocrx_word' id='word_1_180' title='bbox 418 3899 518 3970; x_wconf 85' lang='lat' dir='ltr'>istius</span> <span class='ocrx_word' id='word_1_181' title='bbox 533 3899 669 3982; x_wconf 85' lang='lat' dir='ltr'>generis</span> <span class='ocrx_word' id='word_1_182' title='bbox 682 3921 785 3982; x_wconf 87' lang='lat' dir='ltr'>eram,</span> <span class='ocrx_word' id='word_1_183' title='bbox 794 3921 880 3983; x_wconf 92' lang='lat' dir='ltr'>opus</span> <span class='ocrx_word' id='word_1_184' title='bbox 887 3899 981 3969; x_wconf 88' lang='lat' dir='ltr'>haud</span> <span class='ocrx_word' id='word_1_185' title='bbox 994 3899 1063 3970; x_wconf 81' lang='lat' dir='ltr'>fuit</span> <span class='ocrx_word' id='word_1_186' title='bbox 1072 3906 1114 3970; x_wconf 90' lang='lat' dir='ltr'>ut</span> <span class='ocrx_word' id='word_1_187' title='bbox 1123 3922 1179 3970; x_wconf 92' lang='lat' dir='ltr'>me</span> <span class='ocrx_word' id='word_1_188' title='bbox 1189 3899 1326 3972; x_wconf 89' lang='lat' dir='ltr'>doceret</span> 
     </span>
     <span class='ocr_line' id='line_1_30' title="bbox 327 3999 1323 4085; baseline -0.001 -14"><span class='ocrx_word' id='word_1_189' title='bbox 327 4022 405 4084; x_wconf 86' lang='lat' dir='ltr'>quae</span> <span class='ocrx_word' id='word_1_190' title='bbox 418 4021 499 4070; x_wconf 82' lang='lat' dir='ltr'>arca</span> <span class='ocrx_word' id='word_1_191' title='bbox 513 3999 619 4069; x_wconf 81' lang='lat' dir='ltr'>Boule</span> <span class='ocrx_word' id='word_1_192' title='bbox 634 4005 733 4080; x_wconf 87' lang='lat' dir='ltr'>esset,</span> <span class='ocrx_word' id='word_1_193' title='bbox 745 4021 825 4068; x_wconf 92' lang='lat' dir='ltr'>nam</span> <span class='ocrx_word' id='word_1_194' title='bbox 836 3999 911 4069; x_wconf 84' lang='lat' dir='ltr'>haec</span> <span class='ocrx_word' id='word_1_195' title='bbox 921 4000 970 4070; x_wconf 82' lang='lat' dir='ltr'>ita</span> <span class='ocrx_word' id='word_1_196' title='bbox 979 4007 1120 4070; x_wconf 86' lang='lat' dir='ltr'>caeteras</span> <span class='ocrx_word' id='word_1_197' title='bbox 1129 4001 1323 4085; x_wconf 79' lang='lat' dir='ltr'>excellebat,</span> 
     </span>
     <span class='ocr_line' id='line_1_31' title="bbox 325 4099 1324 4183; baseline 0.001 -12"><span class='ocrx_word' id='word_1_198' title='bbox 325 4107 367 4171; x_wconf 90' lang='lat' dir='ltr'>ut</span> <span class='ocrx_word' id='word_1_199' title='bbox 382 4101 540 4170; x_wconf 88' lang='lat' dir='ltr'>Matrona</span> <span class='ocrx_word' id='word_1_200' title='bbox 555 4099 727 4183; x_wconf 86' lang='lat' dir='ltr'>quondam</span> <span class='ocrx_word' id='word_1_201' title='bbox 743 4099 945 4183; x_wconf 86' lang='lat' dir='ltr'>Montespan</span> <span class='ocrx_word' id='word_1_202' title='bbox 966 4100 1002 4170; x_wconf 91' lang='lat' dir='ltr'>in</span> <span class='ocrx_word' id='word_1_203' title='bbox 1026 4101 1105 4170; x_wconf 88' lang='lat' dir='ltr'>aula</span> <span class='ocrx_word' id='word_1_204' title='bbox 1128 4101 1324 4172; x_wconf 88' lang='lat' dir='ltr'>Versalibus</span> 
     </span>
     <span class='ocr_line' id='line_1_32' title="bbox 325 4199 1127 4284; baseline -0.001 -12"><span class='ocrx_word' id='word_1_205' title='bbox 325 4201 484 4284; x_wconf 90' lang='lat' dir='ltr'>eminere,</span> <span class='ocrx_word' id='word_1_206' title='bbox 498 4200 697 4284; x_wconf 84' lang='lat' dir='ltr'>cunctisque</span> <span class='ocrx_word' id='word_1_207' title='bbox 711 4199 878 4270; x_wconf 87' lang='lat' dir='ltr'>dominari</span> <span class='ocrx_word' id='word_1_208' title='bbox 890 4221 1027 4271; x_wconf 87' lang='lat' dir='ltr'>necesse</span> <span class='ocrx_word' id='word_1_209' title='bbox 1042 4207 1127 4272; x_wconf 83' lang='lat' dir='ltr'>erat</span> 
     </span>
    </p>
   </div>
   <div class='ocr_carea' id='block_1_8' title="bbox 0 0 1756 5158">
    <p class='ocr_par' dir='ltr' id='par_1_12' title="bbox 0 0 1756 5158">
     <span class='ocr_line' id='line_1_33' title="bbox 0 0 1756 5158; baseline 0 0"><span class='ocrx_word' id='word_1_210' title='bbox 0 0 1756 5158; x_wconf 95' lang='lat' dir='ltr'> </span> 
     </span>
    </p>
   </div>
  </div>
 </body>
</html>
