3554 5156
758 1728 908 1800 CAPUT
929 1729 961 1799 X

706 1918 998 1998 Praapurotr'onca

436 2098 600 2168 POSTERO
621 2121 722 2169 mane
737 2100 914 2182 evigilanti
929 2099 1011 2167 mihi
1028 2100 1137 2181 prima
1159 2099 1276 2167 incidit
1299 2121 1352 2168 co·

351 2199 471 2282 gitatio
488 2199 529 2267 de
545 2199 663 2280 Parks‚
679 2199 769 2282 quod
785 2223 803 2268 e
820 2200 918 2268 dictis
932 2199 1084 2282 actisque
1100 2199 1351 2282 Godlreyquae

352 2299 430 2368 dam
447 2300 634 2369 sollicitudo
648 2301 800 2368 animum
813 2300 896 2368 mihi
908 2299 1045 2368 incessit
1055 2322 1098 2368 ne
1112 2299 1218 2367 Parks
1229 2299 1264 2366 in
1276 2321 1351 2380 gra-

351 2399 437 2468 viori
453 2407 648 2468 versaretur
663 2399 852 2468 discrimine
869 2422 972 2482 quam
990 2401 1060 2467 sive
1083 2400 1145 2482 ipsi
1172 2399 1243 2467 sive
1269 2399 1351 2467 mihi

351 2499 463 2568 visum
479 2507 578 2568 essct.
601 2499 828 2582 Quamobrem
845 2499 937 2568 haud
953 2522 1075 2581 parum
1101 2499 1278 2568 levaminis
1291 2499 1352 2566 mi-

351 2599 386 2666 hi
401 2599 526 2680 attulit,
542 2621 649 2682 quum
665 2600 847 2683 appellanti
864 2622 925 2682 per
935 2599 1155 2682 telephonum
1166 2621 1234 2667 vox
1244 2599 1351 2667 Parlrs

350 2698 433 2766 milri
448 2698 684 2781 respondisset.

433 2797 517 2867 “Hic
533 2798 636 2868 herus
661 2799 781 2868 Lester
795 2800 877 2882 est,”
903 2800 1042 2882 inquam
1066 2821 1145 2868 eum
1171 2801 1348 2868 allocutus.

350 2895 578 2978 “Prosperene
593 2899 707 2968 omnia
714 2899 751 2968 ?'’

432 2995 575 3067 “Omnia
589 2999 692 3081 salva,
709 2999 756 3068 mi
772 2998 892 3080 Here,”
904 3000 975 3082 ipse
984 2999 1166 3082 respondit.
1192 2998 1347 3067 “Pertra-

348 3105 422 3166 ctor
436 3099 596 3179 egregius
611 3099 665 3167 ille
681 3099 734 3180 sit,
751 3099 810 3181 qui
824 3120 915 3167 nunc
942 3099 995 3168 hic
1018 3097 1180 3168 invadere
1206 3099 1348 3167 tentet.”

432 3196 642 3279 “Quinam’'
657 3221 784 3280 quaero.

431 3297 626 3367 “Relatores
640 3300 780 3368 domum
794 3299 944 3382 undique
960 3299 1124 3368 obsident.
1141 3299 1346 3367 Persuasum

347 3398 409 3466 sibi
425 3398 550 3467 habere
565 3398 726 3468 videntur
741 3399 845 3469 alium
867 3422 969 3482 quem
995 3399 1094 3468 hodie
1120 3399 1175 3467 hic
1199 3401 1347 3467 occisum

347 3499 419 3566 ln„

431 3598 512 3668 Haec
538 3598 675 3680 quidem
701 3598 841 3669 ridendo
867 3598 1018 3680 protulit,
1043 3599 1126 3668 mihi
1153 3605 1267 3668 tamen
1292 3599 1346 3668 hic

347 3707 529 3780 conceptus
543 3720 610 3768 non
626 3705 698 3767 tam
713 3699 845 3768 iocosus
860 3721 932 3767 esse
948 3698 1138 3768 videbatur.

430 3798 489 3869 “Id
504 3800 665 3868 futurum
680 3798 773 3867 haud
788 3800 918 3881 spero,”
935 3799 1051 3868 statim
1069 3800 1235 3882 respondi.
1266 3799 1348 3868 “Ca-

346 3920 389 3966 ve
416 3920 623 3981 quemquam
651 3900 836 3968 relatorum
862 3899 1094 3981 intromiseris,
1120 3907 1181 3968 aut
1203 3922 1281 3968 cum
1307 3900 1348 3968 iis

345 3997 555 4080 colloquaris.
578 3998 755 4081 Responde
771 3999 835 4068 illis
858 4021 893 4067 se
918 3999 961 4067 ad
985 3999 1156 4068 decuriam
1180 3999 1345 4068 lictoriam

346 4099 556 4170 sciscitatum
580 4100 737 4170 conterre
763 4105 930 4182 oportere.
967 4099 1002 4169 Si
1026 4122 1109 4169 vero
1124 4107 1159 4169 te
1174 4100 1275 4169 nimis
1288 4123 1342 4169 ve·
