3502 5158
617 921 825 974 exonusiun
847 921 1041 975 cusanus
1306 909 1327 975 3

326 1111 462 1158 manere
477 1089 584 1158 satius
603 1088 748 1158 duxerit.
771 1089 978 1158 Mulierculae
1001 1089 1238 1172 nupturientes
1259 1090 1328 1160 iam

325 1189 455 1273 pridem
471 1196 647 1259 cessarunt
662 1211 742 1258 eum
758 1189 792 1258 in
808 1189 876 1259 ullo
892 1211 1035 1260 numero
1049 1189 1183 1272 habere;
1199 1197 1328 1261 matres

324 1312 403 1360 cum
418 1289 552 1359 filiabus
565 1288 739 1359 nubilibus
753 1311 877 1358 nomen
888 1290 962 1359 eius
972 1290 1122 1359 ominoso
1133 1289 1251 1372 capitis
1266 1313 1328 1360 nu-

324 1398 363 1460 tu
377 1389 651 1474 praeteriverunt.
674 1389 736 1458 His
761 1390 950 1472 praesertim
964 1389 1169 1459 auctricibus
1193 1391 1327 1461 iactum

325 1497 433 1559 estut
454 1490 525 1572 ipse
546 1491 641 1559 fama
658 1489 791 1559 erratici
818 1496 1004 1559 notaretur.
1029 1489 1189 1559 Rationes
1212 1497 1328 1560 tamen

326 1611 404 1673 quae
419 1611 500 1659 eum
515 1589 559 1658 ad
574 1589 757 1659 solitariam
784 1589 974 1672 degendam
991 1589 1097 1658 vitam
1112 1588 1328 1673 induxerant,

324 1690 580 1760 iurisconsultos
607 1711 687 1759 suos
708 1691 802 1759 nullo
831 1689 931 1759 modo
952 1689 1143 1758 affecerunt
1168 1725 1209 1734 —
1235 1691 1328 1772 quod

325 1790 463 1873 quidem
478 1789 794 1859 iurisconsultorum
810 1811 936 1859 munus
950 1797 1105 1859 nostrum
1120 1791 1328 1860 consortium

325 1912 386 1972 per
412 1891 537 1960 multos
560 1912 667 1959 annos
691 1889 842 1973 gerebat,
858 1890 956 1959 cuius
970 1890 1216 1961 administratio
1229 1890 1329 1974 pede·

325 1991 448 2060 tentim
463 1997 538 2060 tota
552 1991 587 2059 in
601 2012 724 2060 manus
738 2011 831 2060 meas
846 1989 993 2059 devenit.

409 2089 504 2172 Opus
518 2089 611 2160 haud
625 2098 700 2159 erat
715 2089 814 2159 nimis
828 2091 986 2172 arduum,
1012 2092 1103 2173 quod
1127 2091 1328 2174 plerumque

324 2190 466 2273 epactis
482 2190 687 2259 locationum
712 2190 947 2272 exscribendis,
973 2191 1133 2274 cogendis
1153 2192 1329 2275 locariis,e

324 2288 473 2360 locandis
489 2289 659 2373 sortibus,¹
676 2298 712 2359 et
737 2312 756 2359 e
780 2291 1022 2372 componendis
1045 2290 1227 2361 levioribus
1252 2314 1329 2362 con·

325 2389 544 2471 tentionibus,
559 2397 595 2458 et
609 2389 729 2472 iurgiis
743 2411 822 2459 cum
837 2389 1009 2472 inquilinis
1020 2391 1224 2460 consistebat
1238 2427 1278 2436 -
1292 2391 1329 2460 in

325 2488 449 2572 quibus
464 2489 622 2558 omnibus
643 2489 743 2572 plena
757 2489 854 2559 nobis
876 2488 1077 2560 decernendi
1091 2491 1238 2560 facultas
1252 2513 1329 2561 con·

324 2610 417 2658 cessa
432 2597 517 2658 erat.
550 2588 700 2659 Subinde
716 2597 831 2660 tamen
852 2611 989 2660 necesse
1004 2597 1078 2660 erat
1099 2590 1257 2660 clientem
1271 2613 1329 2661 no

324 2695 443 2770 strum,
459 2688 579 2772 siquod
594 2689 772 2771 negotium
787 2697 949 2759 consueto
960 2691 1101 2772 gravius
1111 2692 1328 2761 tractandum

325 2797 409 2870 erat,
430 2790 487 2858 vel
502 2789 545 2858 ad
561 2789 793 2872 subsignanda
808 2789 979 2860 interdum
1003 2790 1216 2874 documenta,
1235 2792 1328 2862 adire

324 2897 360 2958 et
374 2890 564 2972 consulere,
585 2896 690 2972 atque
715 2889 943 2960 occasionibus
965 2889 1165 2973 istiusmodi,
1187 2892 1329 2962 collocu-

325 2989 484 3072 tionibus,
497 3010 574 3072 quae
588 2990 728 3072 negotia
749 2998 826 3060 acta
848 2990 943 3073 sequi
963 2990 1125 3074 solebant,
1150 3012 1328 3075 nunquam

325 3110 393 3159 non
420 3089 581 3159 delectari
603 3089 784 3170 consuevi;
816 3111 897 3159 nam
912 3090 1058 3160 Vantine
1074 3113 1227 3160 sermone
1242 3091 1330 3161 dele-

324 3189 456 3258 ctabilis
471 3196 554 3272 erat,
570 3190 799 3272 cognitionem
814 3189 989 3259 hominum
1010 3191 1197 3273 mundique
1212 3191 1329 3262 multis

325 3288 657 3372 peregrinationibus
681 3289 811 3371 doctus,
827 3288 1014 3372 habituque
1031 3290 1157 3372 ingenii
1173 3290 1273 3373 lepidi
1288 3312 1328 3361 ac

325 3389 535 3473 perspicacis,
550 3411 758 3473 prorsusque
773 3389 836 3471 sui,
852 3396 994 3459 ornatus
1008 3397 1093 3459 erat.

410 3507 458 3575 Ut
472 3505 562 3575 aedes
576 3507 749 3590 ingressus
763 3507 889 3589 pileum
907 3507 1133 3590 baculumque
1144 3506 1328 3591 pedisequo

325 3628 388 3676 suo
402 3627 628 3689 porrexeram,
644 3607 715 3690 ipse
730 3605 812 3674 mihi
827 3605 963 3676 obviam
989 3607 1093 3688 venit,
1117 3615 1153 3676 et
1174 3608 1261 3677 alter
1282 3609 1328 3678 al·

427 3812 450 3858 1.
467 3808 589 3860 Romano
601 3823 684 3860 sensu
696 3807 856 3860 mereatorio
869 3821 935 3859 sors
947 3807 1005 3859 sive
1019 3810 1118 3874 caput,
1134 3807 1153 3860 i.
1164 3823 1188 3858 e.
1213 3808 1329 3872 pecunia

326 3889 355 3941 in
368 3890 509 3955 negotium
522 3890 621 3951 locutu
640 3905 721 3942 sensu
741 3889 871 3942 moderno
882 3890 966 3942 etiam
977 3887 1084 3942 charta
1101 3890 1251 3944 mercatilis
1267 3903 1329 3958 qun

326 3973 436 4026 exhibet
456 3979 588 4040 quantam
601 3973 662 4040 quis
675 3973 818 4038 pecuniam
836 3973 865 4025 in
889 3973 1030 4038 negotium
1054 3973 1193 4034 locaverit,
1216 3973 1257 4026 uti
1282 3989 1330 4040 per

325 4061 413 4108 sortes
424 4056 614 4117 ferroviarum,
626 4056 800 4117 fabricarum,
815 4062 972 4109 ceterorum
987 4055 1170 4122 negotiorum,
1182 4073 1242 4124 quae
1254 4057 1331 4110 cbar-

324 4144 360 4191 te
371 4139 526 4192 mercatiles
539 4139 568 4191 in
582 4136 715 4192 basilicis
729 4139 789 4192 sive
802 4139 877 4202 locis,
897 4139 943 4192 ubi
965 4140 1143 4192 mercimonia
1161 4146 1328 4202 emutantur,

326 4237 372 4286 per
382 4220 545 4274 afflator&
558 4229 687 4275 emuntur
698 4229 726 4275 et
737 4221 903 4276 venduntur.
