3502 5158
423 897 466 967 34
684 910 893 965 ursrmruu
914 909 1022 964 auom
1042 903 1162 964 noum

507 1081 574 1151 Per
588 1080 717 1164 aliquot
731 1085 906 1149 momenta
920 1100 996 1148 eam
1009 1080 1272 1163 contemplabar,
1287 1104 1367 1152 nam
1383 1083 1424 1154 si·

423 1204 467 1252 ne
483 1181 693 1252 dubitatione
708 1201 794 1263 opus
809 1178 843 1249 id
858 1186 933 1249 erat
946 1178 1030 1248 artis
1044 1188 1297 1265 consummatae,
1309 1205 1423 1278 ,opere

424 1281 636 1352 intestinario
650 1279 793 1362 infinito,
807 1286 990 1362 crustoque
1014 1285 1162 1350 testaceo
1174 1281 1224 1351 ita
1238 1287 1369 1353 tectum
1383 1306 1423 1355 ac

424 1381 631 1464 decoratum,
657 1387 698 1451 ut
727 1401 825 1464 paene
848 1378 951 1449 fidem
977 1378 1164 1450 excederet.
1200 1381 1331 1453 Tamen
1355 1384 1424 1454 iam

425 1504 517 1552 nunc
541 1481 689 1564 ingenue
714 1481 818 1551 fateri
840 1480 924 1548 mihi
949 1479 1063 1549 licebit
1087 1501 1143 1550 me
1168 1481 1203 1551 id
1227 1504 1295 1552 non
1325 1486 1424 1568 tanti,

425 1581 545 1666 quanti
560 1603 622 1665 par
635 1588 720 1664 erat,
734 1580 866 1650 fecisse.
878 1579 977 1649 Ratio
991 1580 1134 1650 ornandi
1144 1580 1262 1652 florida
1277 1583 1344 1653 aevi
1359 1584 1423 1655 Lu·

309 1703 311 1708 ·
426 1682 536 1753 dovici
562 1680 804 1766 Quartidecimi
829 1687 934 1763 atque
960 1678 1171 1764 Quindecimi
1194 1681 1276 1752 mihi
1299 1706 1426 1768 nequa·

427 1803 531 1866 quam
545 1781 736 1864 arridebat;
758 1788 926 1864 praeterea
940 1779 1044 1849 etiam
1059 1801 1181 1863 parum
1207 1803 1284 1852 sum
1309 1805 1425 1855 rerum

426 1883 551 1952 callens
564 1880 608 1951 ad
623 1903 664 1952 ea
678 1879 886 1964 admiranda,
915 1900 994 1962 quae
1015 1879 1167 1950 animum
1193 1904 1310 1952 meum
1332 1884 1426 1955 haud

427 1981 614 2064 attingunt.
643 1981 773 2052 Vereor
795 1981 913 2063 itaque
927 2001 971 2049 ne
985 1980 1134 2050 Vantine
1148 2003 1203 2051 me
1219 2003 1317 2066 aequo
1332 1984 1428 2068 frigi·

427 2081 556 2151 diorem
571 2087 734 2166 expertus
746 2081 801 2151 sit.

511 2181 604 2252 Nihil
619 2181 766 2251 vicissim
781 2179 920 2263 frigoris
933 2179 969 2249 in
984 2179 1084 2249 modo
1099 2187 1173 2250 erat
1189 2204 1258 2265 quo
1283 2182 1355 2266 ipse
1377 2207 1428 2254 ar·

427 2303 503 2352 cam
517 2280 821 2364 contemplabatur.
843 2279 935 2349 Nam
950 2281 1038 2350 oculi
1053 2280 1127 2350 eius
1151 2281 1286 2353 insueto
1311 2305 1350 2353 ac
1372 2307 1428 2368 pe·

427 2381 564 2465 regrino
579 2381 729 2465 quodam
743 2382 882 2463 fulgore
897 2379 1096 2449 admirantis
1109 2380 1298 2465 micabant;
1313 2381 1430 2466 digitis

428 2503 565 2552 sursum
589 2480 817 2563 deorsumque
841 2479 1053 2563 superficiem
1079 2481 1191 2563 operis
1217 2481 1368 2552 intestini
1390 2507 1430 2555 ac

428 2581 652 2652 testudinacei
663 2581 813 2665 palpans,
825 2580 1018 2650 reverentia
1029 2580 1177 2663 quadam
1188 2584 1429 2667 pertractabat;

428 2683 560 2752 forulos
573 2681 724 2752 minutos
737 2681 850 2764 gratia
864 2681 931 2749 mei
947 2702 1086 2763 prorsus
1111 2681 1231 2751 eadem
1246 2684 1366 2754 vultis
1379 2707 1430 2754 so

428 2783 604 2852 lemnitate
619 2781 812 2862 eductabat
828 2803 897 2863 qua
910 2781 1041 2850 amicus
1062 2781 1201 2864 quidam
1215 2803 1313 2852 meus
1328 2806 1429 2854 suum

429 2881 647 2952 Kilmarnock
662 2883 775 2951 Bums
788 2882 830 2951 de
845 2889 1004 2964 pegmate
1019 2881 1216 2964 depromere
1241 2884 1344 2966 solet;
1366 2885 1431 2954 cla·

431 2983 537 3052 riores
561 2983 634 3052 eius
663 2988 866 3053 curvaturas
892 3001 998 3050 manu
1012 2981 1096 3050 mihi
1118 2982 1288 3052 indicabat
1310 2984 1429 3055 eadem

427 3085 511 3152 cura
527 3083 661 3165 quanti
676 3083 823 3152 solemus
845 3082 881 3150 in
907 3081 1101 3150 disserendo
1126 3080 1168 3151 de
1193 3104 1305 3166 opere,
1326 3084 1430 3168 idque

427 3183 695 3265 interpretando,
710 3181 847 3252 artificis
862 3181 1068 3252 immortalis.
1091 3181 1245 3264 Denique
1260 3204 1368 3266 quum
1384 3185 1433 3256 vi·

430 3284 526 3354 deret
540 3285 634 3353 nulla
648 3305 670 3352 a
683 3304 738 3353 me
753 3304 915 3365 responsa
939 3303 976 3352 se
1000 3282 1120 3352 elicere
1144 3305 1252 3365 posse,
1268 3284 1431 3355 substitit.

514 3382 589 3454 “Tu
602 3406 671 3453 non
686 3404 892 3467 magnopere
908 3382 1033 3452 videris
1046 3382 1110 3452 hac
1126 3404 1164 3452 re
1178 3384 1318 3467 teneri,’'
1333 3385 1431 3455 fatur

430 3505 486 3553 me
499 3491 710 3568 anspectans.

514 3582 574 3654 “Id
599 3585 685 3664 mea,
710 3605 779 3652 non
804 3605 892 3652 arcae
921 3583 1022 3665 culpe
1036 3583 1106 3665 fit,''
1122 3583 1235 3652 fateor
1255 3584 1296 3653 ei.
1331 3583 1430 3655 “Non

430 3706 508 3754 sum
524 3706 565 3754 ea
579 3705 617 3753 rc
630 3683 803 3765 imbutus;
824 3689 859 3752 et
881 3705 1002 3766 parum
1017 3681 1060 3752 de
1074 3683 1206 3753 artibus
1226 3684 1340 3767 calleo,
1362 3686 1433 3756 for·

431 3792 521 3855 tasse
534 3783 553 3814 29

514 3883 623 3954 Vultu
646 3881 784 3953 erubuit
806 3889 848 3952 ut
864 3882 1032 3966 quispiam
1059 3889 1183 3966 posset,
1208 3883 1308 3954 cuius
1333 3885 1430 3955 uxori

435 3984 557 4068 aliquis
584 4005 621 4054 se
645 3989 813 4065 praesente
834 3983 1061 4066 malediceret,
1082 3990 1186 4067 atque
1208 4005 1227 4053 e
1249 3984 1360 4068 cubili,
1381 4007 1437 4055 me

431 4085 625 4167 comitante,
641 4083 798 4167 protinus
812 4083 965 4154 excessit.

516 4183 740 4267 “Memineris
755 4182 802 4252 mi
817 4183 969 4268 Lester,”
989 4183 1130 4254 tandem
1154 4184 1314 4255 severiori
1335 4185 1432 4256 fatur
