3536 5156
600 909 719 965 nunus
739 909 898 964 nnunrrn
920 907 1114 963 conpnnrr
1295 887 1357 959 185

356 1077 418 1146 tim
434 1079 517 1147 latet
532 1077 820 1161 quemadmodum
835 1077 905 1160 ipse
920 1097 1027 1150 caesus
1047 1074 1163 1145 fuerit.
1194 1073 1286 1158 Quis,
1302 1075 1358 1143 vel

356 1177 439 1260 quid
463 1199 543 1246 eum
558 1178 738 1249 occiderit?
761 1178 907 1260 Quinam
928 1197 1100 1245 venenum
1122 1175 1203 1244 illud
1227 1175 1358 1244 illatum

356 1277 488 1347 fuerit?
510 1278 748 1362 Quidquamne
764 1279 807 1347 ad
834 1276 867 1346 id
890 1276 1130 1347 declarandum
1155 1275 1279 1345 afferre
1300 1297 1358 1358 po·

357 1377 455 1448 tesY'

440 1476 554 1548 Pauca
568 1485 740 1548 momenta
752 1500 814 1562 per
827 1478 1015 1548 fenestram
1027 1484 1245 1560 prospectans
1254 1475 1359 1546 medi·

357 1579 505 1648 tabatur.

441 1677 623 1762 “AEnigma
637 1681 838 1762 praclarum
852 1679 935 1761 est‚’'
951 1676 1091 1746 tandem
1102 1677 1161 1759 ait,
1172 1675 1359 1760 “perquam

357 1779 491 1848 scitum.
515 1779 587 1847 Iam
612 1800 677 1861 ego
703 1801 838 1848 mecum
863 1778 1081 1861 perpendam,
1108 1777 1199 1847 Here
1229 1777 1358 1846 Lester.

360 1881 462 1948 Forte
476 1879 601 1960 aliquid
617 1879 760 1949 suadere
782 1901 844 1962 par
868 1901 936 1947 ero.
970 1878 1044 1947 Nec
1067 1876 1147 1946 scio.
1179 1877 1360 1948 Verumta-

358 2000 436 2047 men
452 1978 606 2061 proximo
621 1979 675 2048 die
691 1979 850 2048 Mercurii
865 1984 900 2047 te
922 1978 1041 2048 visam.
1063 1977 1098 2046 Si
1113 1977 1162 2046 ita
1177 1977 1359 2060 videbitur,

358 2077 449 2146 dorni
475 2077 548 2146 heri
574 2077 732 2161 Vantine,
757 2079 802 2148 ad
832 2078 1034 2147 emutandas
1063 2099 1158 2147 arcas
1183 2077 1360 2147 convenie-

358 2179 466 2247 mus.’'

444 2277 580 2359 “Quota
594 2278 724 2348 hora?”

444 2376 531 2447 “Pro
545 2385 639 2448 certo
655 2378 766 2447 dicere
781 2398 925 2460 nequeo.
947 2376 1173 2459 Aliquantum
1189 2397 1296 2446 morae
1310 2375 1361 2444 in-

357 2479 532 2548 tercedere
547 2478 673 2562 poterit
688 2479 772 2548 dum
793 2499 906 2547 arcam
922 2498 942 2546 a
957 2477 1038 2546 navi
1065 2477 1164 2546 avehi
1190 2476 1360 2546 curaveri-

359 2600 445 2647 mus.
468 2578 582 2649 Satius
596 2579 688 2648 forte
703 2585 792 2647 esset
807 2578 837 2648 si
852 2578 941 2646 inter
966 2577 1118 2646 eundum
1134 2583 1168 2646 te
1183 2577 1360 2647 viserem.”

443 2677 610 2761 “Placet”
625 2678 793 2762 respondi.

444 2777 566 2862 “Velis,
582 2779 729 2860 obsecro,
744 2778 827 2847 mihi
853 2779 979 2847 iterum
1004 2778 1182 2862 indulgere
1207 2785 1249 2847 ut
1272 2800 1361 2848 erro

361 2900 433 2947 rem
448 2900 469 2948 a
483 2879 607 2948 nostris
621 2879 837 2948 commissum
861 2878 1036 2961 ignoscere
1051 2879 1112 2948 abs
1137 2884 1172 2948 te
1198 2878 1359 2961 flagitem.

361 2980 443 3060 Nos
469 3001 599 3062 revera,
624 2979 810 3049 cautissimi
836 2999 909 3048 esse
935 2979 1098 3061 solemus;
1135 2985 1288 3048 attamen
1323 2985 1360 3047 et

361 3101 424 3148 nos
438 3078 559 3148 famuli
574 3079 716 3148 subinde
739 3078 866 3148 fallunt
891 3078 1022 3147 incurii.
1056 3078 1260 3148 Gravissime
1284 3079 1360 3147 fero

362 3178 453 3260 quod
468 3178 511 3247 ab
524 3179 598 3261 ipso
613 3179 697 3248 hero
711 3178 859 3248 Vautine
874 3178 1123 3260 indulgentiam
1147 3178 1303 3261 flagitare
1325 3185 1360 3248 et

362 3279 497 3347 veniam
523 3280 633 3361 culpae
666 3279 850 3360 impetrare
876 3277 911 3346 in
936 3299 1080 3360 persona
1104 3299 1247 3361 nequeo.
1270 3279 1361 3361 Ergo

363 3379 406 3448 ad
421 3378 511 3447 diem
526 3378 685 3448 Mercurii
700 3399 820 3460 usque,
836 3378 927 3447 Here
941 3378 1091 3446 Lester.''

447 3477 520 3548 “Ad
536 3478 626 3547 diem
642 3478 801 3548 Mercurii
816 3478 956 3560 usque‚”
977 3477 1120 3561 repetivi
1144 3477 1259 3560 verba,
1286 3499 1364 3548 ocu·

362 3579 471 3662 lisque
486 3577 716 3661 prosequebar
737 3584 906 3647 staturam
921 3576 994 3646 eius
1008 3583 1156 3647 erectam
1171 3583 1207 3647 et
1220 3577 1264 3647 ad
1278 3578 1363 3660 opti·

363 3700 454 3746 mam
477 3699 633 3746 nonnam
658 3683 824 3759 omatam‚
851 3678 934 3746 dum
959 3677 1135 3759 perfores
1159 3677 1362 3747 discedebat.

363 3779 423 3849 Vir
436 3785 529 3848 certe
544 3776 750 3847 admirabilis
764 3784 800 3846 et
814 3777 1084 3859 venustissimus,
1096 3778 1140 3847 ad
1151 3777 1362 3860 scriptoriam

365 3879 498 3947 rediens
512 3899 648 3947 mecum
663 3876 871 3958 dictitabam,
896 3877 974 3945 talis
987 3898 1121 3958 nempe,
1136 3898 1239 3960 quem
1254 3878 1363 3960 magis

361 3978 479 4048 intime
514 3977 649 4048 novisse
684 3998 862 4059 cuperem;
894 3977 958 4058 vir,
990 3976 1048 4058 qui
1089 3977 1220 4046 arcanis
1254 3977 1363 4046 crimi-

362 4101 447 4148 num
461 4077 630 4159 delectari,
646 4099 684 4146 ac
698 4077 807 4146 veluti
822 4097 910 4160 equo
926 4075 1152 4146 arundinaceo
1163 4076 1317 4161 equitare
1327 4077 1362 4146 in

363 4179 486 4250 delitiis
500 4178 635 4259 habeat,
650 4182 687 4246 et
700 4177 756 4248 cui
772 4197 827 4246 me
841 4175 904 4248 hac
920 4176 955 4246 in
969 4197 1007 4247 re
1022 4197 1158 4246 morum
1180 4176 1363 4248 similitudo
1415 4249 1420 4263 ,
