3502 5158
471 1189 759 1270 MYSTERIUM
789 1189 937 1268 ARCAE
972 1171 1143 1269 BOULE

724 1839 875 1910 CAPUT
896 1839 911 1908 l

601 2023 807 2093 Promptum
820 2023 1015 2094 Callentie.¹

393 2206 492 2277 “Euo
502 2206 531 2275 !''
547 2207 697 2276 exclamo
706 2228 771 2289 ego
779 2207 910 2276 interea
920 2207 1003 2276 dum
1014 2208 1309 2278 auscultatorium²

311 2307 481 2391 telephoni
506 2307 704 2391 scriptoriae³
730 2329 816 2376 meae
845 2307 1005 2377 nuntium
1035 2315 1242 2391 excepturus
1255 2309 1312 2378 de·

312 2429 427 2491 lungo.

389 2505 535 2577 ‘'Herus⁴
550 2507 697 2578 Vantine
713 2507 807 2590 cupit
818 2513 944 2589 tecum,
959 2507 1006 2576 mi
1017 2507 1118 2590 Here,
1130 2509 1308 2592 colloqui‚”

308 2608 446 2678 nuntiat
459 2629 546 2691 puer
560 2608 742 2691 apparitor.

390 2707 503 2778 “Bene
519 2709 602 2790 est,”
618 2714 653 2778 et
667 2708 804 2778 interim
819 2708 921 2778 audio
936 2711 1046 2778 nexus
1060 2709 1251 2792 strepitum.

391 2807 510 2879 “Tune
535 2809 565 2878 is
589 2830 636 2891 ee,
662 2809 709 2877 mi
735 2809 899 2878 Lester?’'
922 2831 990 2878 vox
1019 2809 1143 2892 quaerit
1163 2808 1309 2894 Philippi

308 2909 464 2979 Vantine.

391 3009 487 3093 “Ego
502 3031 589 3079 sum.
612 3009 703 3092 Ergo
717 3009 786 3078 iam
801 3008 941 3079 domum
956 3009 1080 3079 venisti
1089 3009 1126 3079 ?''

391 3108 494 3179 “Heri
508 3109 642 3180 adveni.
664 3108 839 3179 Poterisne
855 3132 918 3192 per
932 3109 1042 3179 otium
1067 3110 1167 3181 hodie
1182 3111 1226 3181 ad
1240 3133 1310 3182 me-

309 3231 387 3280 cum
403 3209 639 3294 prandendum
653 3209 771 3279 venire
781 3209 819 3278 ?'’

392 3308 574 3379 “Libenter
587 3309 744 3392 faciam,”
765 3308 934 3393 respondi,
956 3309 1004 3380 sic
1030 3317 1065 3379 et
1091 3311 1190 3394 sensi,
1216 3312 1309 3395 quod

310 3409 501 3493 Philippum
515 3409 663 3479 Vantine
678 3431 855 3492 nunquam
870 3432 939 3479 non
955 3409 1092 3494 plurimi
1105 3411 1182 3481 feei.

410 3613 433 3664 1.
451 3610 543 3672 Garri,
556 3610 645 3676 periti.

408 3695 433 3747 2.
449 3693 517 3747 Pare
534 3693 684 3760 telephoni,
701 3710 782 3762 quarn
800 3695 834 3748 ad
852 3695 1041 3762 excipiendum
1054 3711 1205 3749 samonem
1218 3696 1253 3748 ad
1266 3711 1311 3749 au·

311 3791 368 3829 rem
379 3777 540 3830 attollimus.

408 3861 435 3914 ³.
448 3859 631 3928 Seriptmtae,
648 3861 776 3915 subaudi:
788 3876 904 3915 mmm.

410 3947 435 3997 4.
452 3943 514 3998 Non
526 3944 624 4010 ignoro
636 3943 708 3997 hanc
725 3945 881 4012 alloquendi
899 3945 1018 3998 formum
1035 3962 1052 3998 a
1069 3945 1191 3999 moribus
1215 3947 1310 4000 Rome·

311 4042 407 4080 norum
420 4027 538 4080 alienam
552 4043 619 4090 esre
637 4027 723 4081 ethic
736 4043 791 4080 non
805 4019 921 4081 Romani
935 4029 982 4082 sed
993 4028 1158 4092 Americani
1175 4029 1312 4084 America-

310 4126 346 4164 no
358 4127 433 4164 more
444 4112 594 4178 loquuntur
607 4118 635 4164 et
646 4117 741 4178 agunt
758 4111 885 4178 proinde:
899 4110 934 4166 si
944 4111 1041 4176 rideris
1053 4111 1161 4177 Rem,
1178 4111 1310 4168 Romam

309 4192 400 4248 vivito
412 4209 503 4258 more,
520 4193 662 4262 Sifitem
679 4192 761 4258 alibi,
781 4193 881 4259 vivito,
901 4195 980 4250 aaut
996 4193 1060 4250 ibi!
