3500 5158
570 892 686 948 acius
706 892 890 947 onmmms
912 893 1072 948 ULTIMUS
1259 876 1322 946 303

405 1059 540 1130 “Herus
554 1060 694 1144 Piggott
706 1059 735 1128 !''
750 1059 951 1130 ministellus
966 1061 1113 1131 nuntiat.

404 1161 479 1243 Ego
494 1183 513 1230 e
528 1161 609 1230 sella
629 1183 706 1230 mea
720 1181 817 1243 paene
846 1160 982 1242 prosilii‚
1005 1160 1180 1230 enimvero
1206 1159 1266 1242 qui
1289 1159 1324 1228 in

322 1261 436 1330 limine
451 1261 564 1331 stabat
579 1260 664 1330 adeo
678 1261 769 1330 idem
783 1282 862 1329 cum
890 1281 930 1330 eo
946 1261 1005 1344 qui
1032 1262 1203 1330 occultum
1231 1261 1326 1329 foru-

322 1362 395 1431 lum
409 1368 590 1444 aperuerat
606 1381 679 1431 esse
694 1359 886 1442 videbatur,
916 1368 958 1431 nt
982 1360 1018 1430 id
1046 1360 1204 1430 adinrare
1229 1358 1323 1429 haud

322 1461 540 1531 dubitassem.

407 1578 446 1647 In
461 1577 612 1648 medium
626 1599 826 1661 progressus
836 1598 1007 1660 quemque
1018 1577 1055 1646 in
1069 1577 1193 1646 faciem
1206 1583 1324 1646 contu·

324 1677 395 1792 itus
398 1685 469 1848 dest,
487 1699 595 1760 quum
610 1677 756 1762 denique
772 1677 923 1760 Godfrey
939 1677 1123 1760 conspexit,
1139 1683 1174 1747 et
1193 1677 1229 1745 in
1246 1698 1326 1746 eum

323 1799 397 1847 rem
421 1799 501 1847 ens:

409 1893 516 1964 “Eoee
525 1916 580 1964 me
595 1894 660 1978 hic,
669 1895 717 1964 mi
726 1895 847 1977 Here‚''
864 1894 984 1977 inquit;
993 1915 1058 1977 ego
1069 1914 1153 1963 vero
1162 1914 1245 1962 voce
1254 1893 1328 1963 eius

325 1993 443 2064 audita
456 1994 581 2064 iterum
593 1996 720 2078 stupui,
736 1995 859 2078 quippe
871 2015 948 2077 quae
963 2016 1042 2063 cum
1057 2015 1141 2063 voce
1156 1993 1327 2063 Crochard

326 2093 445 2163 eadem
459 2101 542 2165 erat.
559 2093 685 2178 “Spero
700 2117 754 2164 me
770 2115 908 2164 causam
923 2115 1028 2163 morae
1038 2094 1136 2164 vobis
1148 2115 1217 2162 non
1240 2115 1327 2176 prae·

326 2194 471 2264 buisse.''

411 2309 466 2381 “N
467 2333 670 2395 equaquam,
685 2312 777 2381 Here
801 2312 931 2395 Pigot,'’
948 2311 1099 2394 Godfrey
1115 2333 1195 2381 eum
1210 2311 1330 2380 certio-

328 2432 401 2480 rem
417 2411 509 2495 fecit,
523 2413 605 2482 sella
619 2413 650 2482 ei
666 2412 766 2482 simul
781 2412 904 2482 oblata.

406 2529 521 2612 Grady
536 2538 641 2612 atque
652 2530 847 2599 Simmonds
857 2533 1014 2599 ancones¹
1024 2550 1164 2598 suarum
1171 2529 1329 2598 sellarum

329 2628 457 2698 arctius
481 2629 698 2712 prehendisse
714 2629 797 2697 mihi
817 2628 1046 2711 videbantur„
1059 2628 1232 2711 oculisque
1255 2628 1331 2698 fixis

329 2749 369 2797 ac
383 2728 479 2798 labiis
493 2729 620 2812 apertis
635 2729 803 2798 advenam
818 2729 1042 2809 mirabantur;
1059 2729 1143 2797 scire
1154 2729 1257 2796 etiam
1269 2751 1330 2811 pu·

330 2829 447 2899 tabam
477 2850 555 2911 quae
584 2830 806 2911 cogitationes
834 2851 952 2898 eorum
967 2828 1098 2897 animos
1113 2828 1329 2898 subivissent.

331 2929 436 2999 Estne
451 2928 506 2998 hic
521 2929 642 3012 Pigot?
653 2934 708 2998 An
723 2930 777 2998 ille
793 2929 852 3012 qui
862 2930 1015 2998 forulum
1026 2929 1196 2998 occultum
1209 2950 1331 3012 aperu-

330 3035 406 3098 erat
421 3029 522 3111 Pigot
533 3028 662 3099 fuerit?
684 3029 756 3098 Aut
771 3050 853 3098 vero
868 3037 991 3099 neuter
1005 3029 1050 3098 sit
1065 3029 1181 3111 Pigot?
1196 3029 1329 3098 Fierine

331 3135 445 3212 potest
468 3135 509 3198 ut
531 3128 586 3198 hic
608 3129 694 3198 alius
718 3151 758 3198 ac
783 3129 940 3198 diversus
954 3128 997 3198 ab
1013 3149 1053 3198 eo
1068 3130 1114 3198 sit
1128 3129 1188 3212 qui
1215 3151 1329 3198 arcam

333 3228 544 3312 aperuerat?

418 3345 585 3428 Equidem
607 3346 719 3415 fateor
744 3345 827 3414 mihi
847 3366 982 3428 qnoque
1007 3345 1153 3427 idgenus
1182 3345 1333 3428 cogitata

333 3451 368 3515 et
379 3445 600 3528 suspitionem
612 3445 785 3529 quandam
795 3444 946 3528 Godrrey
957 3452 1113 3514 nostrum
1124 3466 1186 3514 nos
1200 3445 1328 3528 ludere,

334 3545 475 3614 suborta
489 3566 562 3614 esse
578 3543 731 3627 Godfrey
746 3544 913 3628 dispicens
927 3566 1049 3615 versus
1058 3566 1120 3615 nos
1131 3544 1333 3616 subridebat

335 3652 376 3714 ut
389 3651 545 3714 nostrum
560 3643 804 3715 animadvertit
819 3652 1005 3727 aspectum.

418 3759 513 3830 “Hoc
527 3761 657 3844 mane‚'’
673 3763 771 3832 tatur
785 3761 947 3845 Godfrey,
972 3760 1028 3831 “in
1044 3768 1182 3845 portum
1197 3762 1333 3833 descen·

336 3861 371 3931 di
399 3864 453 3932 Lo
483 3863 675 3945 Savoieque
701 3861 804 3931 adivi.
834 3861 926 3931 Hero
948 3862 1049 3945 Pigot
1074 3869 1198 3932 cuncta
1224 3865 1335 3935 noctis

336 3961 507 4032 besternae
521 3967 647 4031 eventa
675 3961 798 4045 evolvi,
821 3961 1009 4046 rogavique
1032 3983 1113 4033 eum
1128 3970 1169 4032 ut
1184 3963 1239 4034 hic
1257 3986 1335 4034 con·

438 4183 463 4234 1.
478 4178 592 4244 Audon,
607 4179 694 4245 -tmio,
710 4195 755 4243 nn,
766 4179 839 4234 inter
849 4181 911 4244 alia,
924 4185 967 4235 est
979 4181 1120 4236 brachium
1136 4181 1220 4240 selle.
