3554 5156
708 899 888 956 uamoun
908 899 1052 956 summ
1323 881 1384 955 151

465 1065 626 1139 Protinus
651 1075 791 1138 acutum
817 1089 940 1139 sonum
965 1068 1043 1139 aeris
1064 1066 1241 1138 tinnientis
1254 1067 1384 1138 audivi·

381 1189 469 1340 grus,
483 1176 519 1240 et
533 1190 555 1240 a
569 1171 656 1240 laevo
671 1171 776 1240 latere
791 1191 880 1241 arcae
894 1178 1049 1241 crustum
1074 1169 1280 1240 metallicum
1302 1169 1383 1240 reci·

405 1290 473 1340 ere.

464 1385 578 1458 “Ansa
592 1387 675 1471 est,’'
690 1388 787 1458 fatur
799 1395 958 1458 matrona
971 1389 1093 1470 velata,
1120 1393 1155 1456 et
1180 1386 1263 1456 nihil
1287 1385 1382 1457 dubi-

380 1492 467 1570 tans,
482 1487 565 1558 dum
580 1487 662 1558 mihi
676 1509 734 1558 cor
747 1489 910 1572 haerebat‚
925 1509 1043 1558 ansam
1057 1487 1291 1572 apprehendit,
1307 1508 1385 1570 par·

380 1588 570 1672 vulumque
584 1589 737 1659 forulum
753 1589 877 1658 evellit.

464 1702 516 1774 “A
526 1704 555 1774 !”
575 1705 767 1789 reiectoque
782 1705 923 1775 ridiculo
938 1706 1102 1788 manatio,
1115 1705 1314 1776 fasciculum
1329 1703 1381 1774 lit·

379 1811 532 1874 terarum
547 1805 816 1889 schedarumque
830 1805 865 1876 in
880 1805 993 1877 forulo
1008 1807 1179 1877 occultum
1200 1804 1380 1888 prehendit

379 1911 414 1974 et
428 1905 525 1975 tollit
547 1905 634 1976 Dein
647 1905 725 1976 nisu
749 1905 897 1989 quodam
918 1928 954 1975 se
979 1905 1184 1989 continebat,
1208 1906 1377 1988 vittulam,

378 2025 457 2088 quae
470 2006 673 2077 fasciculum
688 2006 879 2077 litterarum
895 2006 1039 2089 ligatum
1051 2006 1202 2089 tenebat,
1228 2005 1377 2087 resolvit,

376 2112 525 2189 anteque
533 2107 648 2176 oculos
654 2113 788 2177 nostros
796 2106 884 2176 dena
891 2106 1116 2190 duodenaque
1124 2107 1316 2176 litterraum
1327 2105 1376 2174 in-

376 2207 516 2277 volucra
529 2207 661 2276 stravit.
684 2205 766 2278 “Uti
779 2205 920 2290 videbis,
936 2205 1026 2276 Here
1042 2207 1192 2289 Lester‚”
1208 2206 1377 2278 submissa

375 2305 424 2377 ait
437 2328 531 2390 voce,
547 2305 622 2376 “hae
636 2327 740 2376 merae
755 2306 878 2377 litterae
904 2315 994 2389 sunt,
1018 2305 1148 2390 tibique
1174 2305 1377 2390 persuadere

375 2406 478 2476 velim
492 2405 628 2477 easdem
643 2429 737 2478 meas
751 2408 855 2477 esse.”

456 2521 570 2594 “Nihil
584 2522 715 2606 dubito,
738 2546 815 2594 mea
838 2523 961 2607 Hera,”
986 2523 1153 2608 respondi.
1175 2524 1236 2594 llla
1259 2530 1376 2594 autem

374 2624 511 2696 allevati
525 2624 635 2696 cordis
650 2625 803 2708 suspirio,
819 2631 855 2695 et
870 2623 967 2707 quasi
988 2645 1068 2694 curn
1089 2625 1254 2708 singultu,
1278 2624 1377 2694 fasci-

374 2725 490 2796 culum
504 2725 662 2808 religavit
676 2732 844 2807 cauteque
858 2726 894 2795 in
918 2725 996 2794 sinu
1020 2725 1117 2808 pallae
1139 2747 1213 2795 suae
1237 2725 1375 2796 abdidit.

373 2823 456 2896 “Est
470 2825 626 2909 quaedam
641 2825 726 2908 res,”
740 2846 832 2894 nunc
847 2847 912 2908 ego
927 2826 1097 2907 suhiumd‚
1113 2823 1237 2908 “quam
1249 2832 1299 2908 tu,
1310 2823 1377 2894 He·

374 2947 412 2996 ra
425 2947 512 3008 mea,
527 2946 589 3009 pro
604 2948 659 2996 me
674 2926 766 2996 forte
779 2925 942 3009 perlicere
957 2927 1103 3009 posses.”

455 3041 711 3114 “Libentissime
726 3042 881 3126 faciam,'’
897 3065 1038 3114 susurro
1053 3043 1236 3126 respondit.

454 3159 523 3232 “Ut
537 3161 606 3230 iam
628 3161 711 3232 hero
736 3159 959 3231 Homblower
983 3159 1159 3243 explicui,''
1186 3180 1371 3243 prosequor

372 3283 451 3346 ego„
462 3259 608 3332 “nudius
622 3261 746 3331 tertius
760 3261 823 3331 hoc
837 3260 873 3329 in
888 3260 1039 3330 conclavi
1064 3259 1133 3329 duo
1159 3259 1258 3329 occisi
1281 3265 1373 3338 sunt,

371 3361 450 3434 Sive
465 3360 579 3446 potius
594 3361 629 3430 in
644 3361 798 3432 cubiculo
822 3361 985 3444 contiguo
1007 3361 1154 3430 fuerunt
1176 3359 1294 3441 occisi3
1315 3359 1374 3430 sed

370 3483 434 3534 nos
448 3461 646 3546 putavimus
659 3483 718 3531 eos
730 3463 874 3532 vulnera
898 3460 1036 3531 lethalia
1050 3461 1104 3530 hic
1119 3459 1296 3543 accepisse.
1332 3459 1373 3528 In

370 3563 435 3633 hoc
448 3584 511 3633 nos
525 3583 654 3632 errasse
668 3562 856 3632 videmur.”

453 3679 552 3752 “Sine
567 3678 700 3762 dubio,'’
715 3679 893 3749 confirmat
918 3679 1001 3762 ipsa.
1033 3676 1214 3748 “Praesidio
1238 3675 1374 3747 mecha·

369 3779 524 3852 uismatis
536 3786 609 3849 tam
623 3779 768 3849 fabulosi
784 3801 886 3862 quam
901 3785 942 3848 tu
958 3777 1199 3860 memoravisti,
1210 3776 1300 3846 Here
1311 3775 1374 3846 Le·

370 3887 450 3964 ster,
475 3880 610 3951 forulus
633 3879 688 3949 ille
712 3879 867 3949 munitus
889 3885 925 3948 et
950 3880 1063 3949 fretus
1085 3897 1264 3962 nunquam
1292 3875 1372 3947 fuit.

369 3981 496 4052 Saltem
506 4000 575 4049 non
590 4000 633 4048 ex
647 4001 689 4048 eo
703 3985 856 4062 tempore
882 4000 951 4062 quo
965 4001 1029 4062 ego
1044 4001 1120 4049 eam
1146 3976 1372 4061 possederam.

369 4081 558 4164 lradtum,
582 4085 623 4150 ut
645 4078 719 4162 scis,
736 4085 893 4148 tenemus
906 4079 994 4149 hanc
1009 4101 1123 4149 arcam
1138 4098 1201 4162 pro
1216 4077 1373 4148 Matrona

368 4180 541 4267 quondam
555 4178 598 4251 de
613 4179 815 4263 Montespan
830 4179 1021 4250 contectam
1036 4178 1174 4250 foisse?
