3536 5156
386 835 453 904 200
652 853 861 908 ursmmun
883 853 990 908 nncn
1011 847 1130 907 noum

388 1021 541 1090 Numero
554 1021 654 1091 bonae
668 1023 819 1091 fortunae
841 1022 973 1092 habebo
989 1022 1016 1091 si
1032 1021 1113 1090 mihi
1139 1021 1256 1090 datum
1281 1020 1389 1090 fuerit

388 1121 552 1202 quasdam
567 1121 663 1191 urbis
677 1128 803 1191 nostrae
818 1122 1098 1205 pulchritudines,
1112 1143 1181 1190 non
1196 1121 1387 1203 quibusque

387 1227 494 1302 notas,
511 1220 571 1290 tibi
586 1221 770 1291 revelare.”

472 1320 610 1390 “Habeo
626 1321 687 1390 tibi
700 1321 868 1405 insignem
892 1321 1069 1405 gratiam,'’
1095 1320 1262 1404 respondi,
1285 1319 1391 1389 “invi-

387 1421 526 1491 tationis
539 1420 643 1491 huius
657 1429 748 1491 certe
762 1444 941 1505 nunquam
957 1444 1015 1491 ero
1029 1422 1216 1490 immemor.
1250 1421 1388 1490 Interim

389 1542 496 1604 quum
511 1528 551 1591 tu
567 1520 631 1604 hic,
647 1522 722 1590 Neo
738 1522 889 1604 Eboraci,
904 1522 972 1591 sis.
990 1576 997 1591 .
1016 1523 1044 1590 .'’

472 1619 785 1691 “Humanissimum
799 1628 839 1691 tu
854 1628 889 1691 te
906 1623 987 1691 mihi
1011 1621 1173 1704 praebes,”
1196 1620 1390 1703 interpellat

389 1722 455 1804 ille,
472 1719 613 1804 “etipse
627 1743 691 1802 ego
706 1722 882 1804 sperabam
896 1744 992 1804 posse
1004 1743 1066 1790 nos
1077 1722 1196 1790 saltem
1209 1743 1279 1789 una
1293 1742 1392 1803 pran-

390 1821 480 1891 dere.
502 1820 549 1889 At
563 1821 645 1890 mihi
662 1821 725 1891 hac
737 1822 813 1904 ipsa
826 1844 969 1904 vespera
980 1822 1092 1891 adhuc
1106 1821 1303 1890 Bostonium
1318 1843 1394 1902 pro·

390 1921 489 1991 ficisci
518 1920 696 2003 oportebit,
723 1921 812 1990 illinc
837 1929 953 1990 autem
977 1943 1033 1990 me
1055 1922 1191 2004 Quebec
1207 1921 1391 1990 conferam.

391 2023 516 2091 Utrum
531 2021 610 2102 huc,
626 2021 701 2090 Neo
717 2021 917 2104 Eboracum,
944 2044 1103 2091 reversus
1117 2023 1228 2102 iuero,
1243 2021 1391 2090 necdum

390 2121 458 2190 scio
474 2157 515 2166 -
530 2121 621 2203 quod
646 2122 794 2190 multum
820 2121 864 2190 ab
887 2121 998 2191 animo
1013 2121 1086 2190 heri
1102 2123 1245 2203 Murgan
1269 2121 1392 2203 pende·

390 2221 458 2301 bit;
474 2221 652 2303 negotium
667 2220 752 2290 adeo
767 2220 890 2292 subtile
899 2229 1094 2303 proxenetae
1109 2221 1201 2290 haud
1217 2219 1393 2290 concrede-

393 2343 517 2390 remus.
554 2320 589 2391 Si
617 2320 701 2389 mihi
730 2322 840 2390 redire
865 2321 1052 2404 contingat,
1078 2321 1256 2390 certiorem
1283 2325 1318 2388 te
1343 2320 1394 2388 ia-

392 2421 511 2491 cram.”

476 2519 572 2603 “Age
587 2519 622 2589 id
637 2520 788 2603 feceris,'’
804 2521 847 2590 ab
864 2543 904 2590 eo
919 2521 1034 2604 petivi.
1047 2520 1225 2590 “Maximae
1236 2520 1393 2602 equidem

392 2621 476 2694 mihi
502 2621 567 2690 erit
592 2621 770 2704 voluptati.
805 2622 947 2703 Insuper
970 2643 1078 2703 usque
1101 2642 1198 2704 spero
1222 2619 1393 2703 quandam

391 2722 495 2791 huius
509 2721 661 2803 mysterii
678 2721 880 2790 solutionem
895 2721 956 2790 tibi
973 2722 1180 2790 occurrere.”

476 2820 560 2890 Leni
575 2821 646 2890 risu
662 2821 817 2889 nutabat.

479 2918 610 2988 “Nimis
625 2919 772 2989 arduum
788 2941 873 3003 opus
888 2942 948 3003 pro
963 2920 1101 3003 novitio,
1116 2919 1182 2988 mei
1197 2919 1330 3000 simili,”
1346 2941 1396 2988 re-

397 3020 543 3103 spondit.
566 3017 684 3088 “Vires
698 3041 792 3088 meas
806 3021 928 3103 oppido
944 3028 1093 3102 superat.
1129 3020 1163 3090 si
1178 3027 1293 3088 tamen
1309 3021 1396 3088 solu·

395 3120 444 3188 tio
469 3119 634 3188 eiusmodi
659 3119 729 3201 fiat,
756 3141 854 3202 spero
880 3120 978 3189 tede
1002 3141 1042 3188 ea
1061 3142 1097 3189 re
1113 3142 1167 3189 me
1183 3119 1395 3188 edocturum.

397 3218 573 3288 Mirificam
590 3239 665 3288 eam
680 3219 836 3288 futuram
852 3226 984 3289 certum
1000 3220 1082 3288 est.’'

481 3317 555 3388 “Sic
569 3318 725 3401 faciam,’'
749 3319 784 3388 in
808 3340 1008 3401 responsum
1035 3319 1182 3402 promisi,
1208 3339 1398 3400 manusque

397 3419 525 3487 iterum
541 3418 758 3487 tetendimus.

480 3517 635 3600 Denique
651 3518 748 3601 signo
763 3518 853 3599 dato,
869 3519 947 3587 duae
962 3541 1074 3602 operae
1100 3541 1214 3589 arcam
1228 3519 1398 3599 levarunt,

393 3619 465 3702 ipse
480 3639 577 3687 suam
593 3640 735 3687 manum
751 3619 786 3686 in
803 3625 1037 3688 tutamentum
1053 3641 1141 3688 arcae
1164 3619 1336 3702 imposuit,
1358 3624 1399 3687 ut

398 3742 417 3790 e
432 3718 583 3789 conclavi
598 3717 634 3786 in
648 3718 826 3800 ambitum,
842 3719 919 3789 hinc
935 3741 995 3802 per
1010 3721 1135 3788 ostium
1151 3719 1309 3789 deorsum
1323 3740 1399 3801 gra·

400 3820 464 3889 dus
473 3817 516 3887 ad
524 3817 818 3900 petoritum,qu0d
829 3818 954 3887 tramiti
966 3821 1145 3902 appulsum
1160 3825 1243 3900 erat,
1253 3819 1399 3887 delatam

398 3920 429 3989 ei
445 3919 689 4000 imposuerunt.
712 3918 761 3988 Eo
777 3919 878 3988 allata
893 3941 971 3988 arca
987 3920 1150 4002 singulari
1176 3940 1259 3989 cura
1283 3919 1319 3986 in
1344 3939 1400 4000 pe·

401 4017 542 4089 toritum
557 4016 745 4100 sublevata,
772 4017 885 4100 ibique
911 4019 1073 4101 disposita
1094 4027 1156 4102 est,
1170 4020 1239 4089 duo
1253 4027 1328 4087 turn
1343 4017 1400 4086 ba·

400 4118 458 4190 iuli
474 4117 740 4187 conscendentes
754 4139 829 4188 eam
844 4119 1018 4202 utrimque
1034 4125 1232 4202 tenuerunt,
1254 4117 1400 4201 denique
