3536 5156
759 901 941 960 annuorum
1291 884 1354 956 217

351 1074 479 1145 creabit
493 1072 649 1156 Honoris,
665 1074 751 1143 bene
766 1073 968 1142 memineris.
991 1072 1115 1141 Nonne
1130 1077 1233 1154 putas
1247 1070 1356 1140 vittu·

351 1177 419 1244 lam
435 1175 470 1244 in
485 1175 588 1244 ocello
603 1174 778 1243 nodulario
800 1180 1019 1257 praestantem
1043 1172 1264 1255 praebituram
1280 1191 1355 1254 spe·

351 1275 480 1345 ciem?'’

436 1391 626 1466 Simmonds
641 1390 871 1474 disserentem,
902 1391 998 1474 quasi
1029 1391 1140 1460 subito
1166 1396 1280 1458 mente
1303 1409 1356 1458 ca·

359 1501 459 1575 ptum
474 1491 657 1575 spectabat.
675 1493 765 1572 Quin
781 1500 815 1560 et
830 1514 894 1574 ego
910 1492 1002 1561 haud
1031 1491 1172 1560 obscure
1198 1489 1354 1559 dubitare

353 1593 451 1675 coepi,
467 1601 585 1662 utrum
602 1615 660 1676 spe
687 1593 866 1674 deiectum,
895 1592 1147 1674 exspectatione
1173 1592 1354 1673 deceptum

352 1714 392 1761 ac
408 1693 565 1762 delusum
580 1692 731 1775 Godlrey
746 1714 814 1762 non
830 1693 932 1760 etiam
950 1715 1032 1762 sana
1047 1713 1143 1760 mens
1169 1693 1237 1760 und
1259 1691 1355 1760 dese·

351 1793 483 1862 ruisset

435 1893 482 1961 At
497 1893 578 1975 ipse,
593 1901 728 1963 nostras
741 1893 928 1964 hariolatus
942 1893 1135 1974 sententias,
1163 1891 1198 1960 in
1222 1890 1354 1960 cachin-

353 2014 437 2062 num
453 1992 575 2075 erupit.

436 2107 606 2192 “Minime,
621 2109 811 2192 equidem,”
826 2112 923 2180 fatur
938 2111 1016 2180 dein
1032 2109 1140 2193 magis
1156 2109 1253 2190 serio,
1268 2107 1353 2190 “ego

352 2231 434 2279 vero
450 2232 518 2279 non
534 2231 646 2292 nugas
660 2231 734 2292 ago.
758 2211 848 2294 Quin
875 2211 1058 2280 admodum
1085 2211 1172 2280 serio
1198 2217 1243 2293 te,
1270 2207 1354 2278 Sim·

351 2310 482 2394 monds,
498 2333 619 2379 moneo
633 2311 803 2392 futurum,
819 2319 859 2381 ut
875 2313 902 2380 si
918 2313 1023 2381 istum
1038 2311 1243 2380 furciferum
1259 2331 1353 2393 cepe·

353 2410 470 2493 rimus,
484 2411 671 2480 maximum
686 2433 725 2480 ac
741 2413 1034 2494 praeclarissimum
1056 2411 1190 2481 facinus
1205 2411 1354 2493 perficie-

352 2532 438 2580 mus.
462 2512 493 2580 ls
509 2511 600 2580 enim
616 2518 809 2594 temporum
824 2521 1021 2582 nostrorum
1048 2511 1199 2581 omnium
1216 2511 1354 2580 malefa-

352 2619 486 2680 ctorum
501 2610 659 2694 princeps
673 2621 726 2681 est
742 2648 782 2657 -
797 2612 859 2682 hoc
876 2621 1003 2694 autem,
1031 2613 1159 2695 Lester,
1182 2618 1298 2694 repeto
1313 2611 1355 2681 si:

353 2733 397 2781 ne
424 2712 631 2794 exceptione.
683 2714 731 2782 Ac
757 2735 849 2784 nunc
875 2714 1014 2783 tandem
1038 2713 1182 2782 fortasse
1218 2733 1354 2781 mecum

354 2811 444 2882 idem
460 2813 615 2882 senties'’

436 2929 480 2998 Et
495 2951 596 3012 nunc,
612 2952 719 3013 quum
742 2932 904 3013 Annand,
929 2939 1000 3001 tam
1026 2931 1180 3014 politum,
1205 2937 1277 2999 tarn
1299 2931 1352 3000 sui

353 3037 554 3111 compotem,
570 3036 710 3112 tamque
726 3031 876 3100 moribus
891 3032 1088 3101 distinctum
1110 3052 1148 3099 ac
1173 3029 1354 3113 probatum

353 3151 396 3198 ex
411 3151 481 3197 una
495 3137 592 3211 parte
608 3131 643 3198 in
659 3132 821 3200 memoria
846 3131 1017 3213 haberem,
1041 3153 1083 3200 ex
1109 3132 1215 3199 altera
1236 3137 1353 3199 autem

354 3251 461 3311 quum
477 3230 541 3299 sub
567 3231 671 3300 oculis
695 3253 867 3300 cernerem
894 3232 1040 3301 cadaver
1064 3230 1257 3300 novissimae
1281 3253 1353 3300 suae

353 3329 510 3410 victimae‚
524 3330 676 3412 pendens
691 3331 793 3400 animi
809 3332 923 3400 annui.

435 3445 520 3516 “Ast
534 3447 690 3529 quisnam
705 3448 775 3531 ipse
791 3449 879 3518 est?”
896 3470 1022 3530 quaero.
1038 3447 1172 3518 “Scisne
1188 3449 1264 3531 quis
1280 3449 1350 3532 ipse

354 3546 397 3614 sit
414 3546 610 3629 Godfrey?”

436 3661 509 3731 “En
524 3663 707 3746 arceram,’'
723 3665 914 3747 interpellat
930 3665 1129 3746 Simmonds‚
1146 3673 1180 3733 et
1206 3665 1240 3734 in
1266 3668 1352 3736 ostio

354 3762 474 3831 domus
489 3763 608 3845 pulsus
621 3765 823 3846 percrepuit,
840 3767 910 3847 lpse
925 3775 1048 3835 autem·
1064 3768 1108 3836 ad
1131 3767 1352 3850 aperiendum

353 3861 511 3930 deorsum
527 3864 732 3945 properavit.

437 3977 558 4048 “Nunc
573 4001 655 4048 vero
677 4001 751 4062 age,
768 3979 916 4062 Lester,”
942 3981 1119 4054 brachium
1149 4006 1250 4053 suum
1276 4006 1353 4054 meo

350 4077 496 4161 iungens
511 4081 608 4150 fatur
623 4080 785 4163 Godrrey,
813 4080 1054 4153 “discedamus
1091 4085 1184 4155 Nihil
1207 4085 1353 4168 amplius

352 4178 406 4248 hic
431 4185 483 4250 est
509 4181 599 4263 quod
624 4203 687 4252 nos
712 4182 872 4252 detineat.
911 4184 1017 4254 lanua
1031 4186 1160 4267 postica
1175 4186 1351 4257 exibimus.
