3500 5158
586 891 702 960 xcrus
723 904 908 960 nummus
929 904 1087 958 uisurus
1276 885 1339 956 305

338 1076 474 1145 vultum
488 1075 732 1145 excandescere
756 1074 846 1144 sensi
861 1095 987 1144 meum.
1014 1073 1128 1143 Herus
1152 1070 1253 1154 Pigot
1268 1091 1337 1141 non

338 1175 410 1245 sine
424 1175 641 1244 hilaritudine
656 1174 834 1245 subridens
848 1195 910 1244 nos
925 1173 1065 1257 aspexit.

422 1273 597 1344 “Eventus
612 1275 685 1344 sine
700 1274 804 1346 dubio
819 1295 983 1358 perquam
1000 1279 1074 1342 erat
1088 1271 1274 1355 laetificus,’'
1287 1271 1339 1340 fa·

338 1382 407 1455 tur,
416 1373 574 1445 “camere
586 1374 756 1446 Crochard
767 1379 974 1457 operantem.
985 1374 1072 1443 Tam
1082 1372 1222 1443 iucundi
1237 1392 1338 1441 even·

337 1477 396 1546 tris
410 1481 534 1545 testem
550 1495 692 1544 maesse
707 1495 885 1557 nunquam
899 1473 983 1543 mihi
997 1473 1150 1556 contigit.
1166 1472 1270 1542 Doleo
1285 1478 1336 1541 ta·

338 1597 418 1644 men
432 1596 513 1644 eum
528 1595 686 1644 securum
701 1574 894 1656 effugisse.”

422 1673 638 1745 “Praesertim
648 1674 739 1757 quod
748 1674 946 1744 adamantes
954 1671 1213 1744 Michaelovitch
1221 1693 1337 1742 secum

339 1775 484 1858 rapuit,’'
500 1775 662 1845 subiunxi
677 1795 751 1858 ego.

416 1873 632 1957 “Antequam
642 1871 969 1957 eapertractemus,“
979 1873 1172 1956 interpellat
1183 1871 1335 1954 Godsrey

339 1976 518 2059 paululum
533 1974 721 2056 subridens,
733 1972 834 2044 “sunt
849 1994 920 2042 una
934 1974 1110 2056 alteraque
1121 1971 1336 2056 questiones,

341 2097 428 2158 quas
448 2075 520 2157 tibi,
534 2075 626 2144 Here
641 2074 752 2158 Figat,
772 2095 960 2157 proponere
974 2073 1087 2155 velim,
1101 2079 1142 2141 ut
1153 2071 1340 2155 singularia

342 2175 598 2259 quadamque
611 2174 708 2244 nobis
721 2175 868 2244 necdum
891 2180 974 2243 sunt
988 2173 1024 2243 in
1045 2173 1145 2255 claro,
1153 2172 1342 2256 perspicuae

342 2277 474 2346 fierent.
514 2275 620 2344 Estne
652 2296 774 2343 verum
803 2273 980 2344 consilium
1006 2273 1094 2343 furti
1119 2272 1340 2342 adamantum

343 2373 602 2446 Michaelovitch
617 2395 638 2443 a
652 2374 822 2444 Crocbard
837 2379 1069 2443 commentum
1084 2372 1235 2442 fuisse?”

427 2474 587 2558 “Absque
608 2473 720 2543 dubio.
738 2473 848 2543 Nemo
868 2475 987 2543 furum
1003 2471 1241 2542 Francicorum
1256 2495 1341 2557 prae

342 2583 396 2646 ter
410 2597 491 2646 eum
505 2581 602 2645 tanto
617 2575 813 2644 molimento
828 2596 890 2657 par
905 2574 1025 2644 esset.¹’

425 2675 603 2758 “AEquene
618 2696 739 2743 verum
760 2680 812 2744 est
833 2674 944 2743 nullas
965 2673 1110 2743 directas
1121 2673 1194 2742 eius
1209 2673 1257 2743 rei
1270 2675 1340 2744 evi-

342 2775 474 2846 dentias
488 2782 606 2845 contra
620 2796 701 2843 eum
716 2781 868 2856 repertas
882 2774 989 2844 fuisse
1001 2774 1037 2842 ?’'

426 2874 560 2958 “AEque
582 2895 712 2944 verum.
734 2873 922 2956 Negotium
942 2880 1015 2942 tam
1035 2879 1149 2943 astute
1168 2873 1285 2958 gessit,
1299 2883 1340 2947 ut

342 2999 423 3046 eum
444 2976 599 3045 evincere
620 2974 713 3042 nullo
734 2980 833 3055 pacto
862 2995 1049 3057 possemus
1069 2973 1133 3042 nisi
1165 2983 1341 3059 surreptas

342 3097 495 3160 gemmas
507 3077 543 3144 in
559 3097 622 3144 sua
636 3073 973 3156 deprehendissemus
991 3073 1230 3157 possessione.”

427 3175 493 3245 “Et
506 3175 571 3244 hoc
585 3196 647 3245 vos
660 3175 775 3243 facere
790 3174 993 3257 nequivistis
1002 3174 1038 3243 l''

425 3273 683 3357 “Nequivimus
705 3294 918 3355 gemmarum
939 3273 1034 3344 nulla
1053 3274 1199 3357 vestigia
1217 3279 1341 3360 reperi·

342 3397 429 3459 mus,
446 3374 603 3458 quamvis
616 3373 730 3444 onmia
744 3375 873 3456 ruspati
888 3375 1069 3444 essemus.”

427 3473 495 3545 “At
510 3497 572 3544 vos
587 3474 629 3545 de
646 3494 725 3543 arca
741 3475 848 3544 Boule
864 3474 974 3558 deque
997 3474 1118 3545 forulis
1132 3477 1271 3547 occultis
1293 3479 1344 3548 ni-

344 3575 391 3646 hil
406 3575 515 3644 scistis
523 3574 560 3644 l''

430 3674 502 3744 “De
511 3675 563 3744 his
573 3675 656 3745 nihil
666 3677 835 3748 scivimus.
847 3676 1026 3744 Famosam
1041 3696 1116 3744 eam
1129 3696 1241 3744 arcam
1252 3698 1274 3746 a
1287 3701 1343 3749 me

345 3775 588 3860 explorandam
602 3777 670 3846 iam
679 3799 752 3848 esse
768 3776 946 3846 arbitror.”
998 3809 1001 3818 ·

429 3875 511 3945 “Est
525 3897 637 3958 operae
652 3879 811 3960 pretium.
827 3877 873 3945 Et
884 3875 1026 3946 historia
1037 3875 1109 3944 eius
1118 3879 1344 3952 memorabilis

344 3983 407 4046 est.
422 3975 487 4046 Sed
504 3977 566 4046 tibi
580 3978 758 4047 constabat
772 3976 943 4048 Crochard
957 3977 1011 4046 hic
1026 3976 1061 4045 in
1085 3975 1241 4046 America
1265 3980 1345 4052 ada·

343 4084 479 4150 mantes
493 4099 552 4147 eos
565 4078 777 4148 venumdare
792 4083 1007 4148 tentaturum
1015 4076 1051 4146 ?''

432 4176 526 4248 “Hoc
541 4177 644 4262 probe
660 4177 829 4260 scivimus,
844 4198 908 4247 nec
922 4176 1108 4260 quidquam
1122 4183 1174 4246 est
1196 4180 1288 4261 quod
1300 4191 1344 4262 ad
