3500 5158
394 863 458 933 264
656 879 864 934 ursannruu
885 879 992 935 mom
1012 872 1132 934 nourr

478 1047 655 1118 Silentium
678 1049 834 1119 mirantis
854 1055 1132 1119 momentaneum
1155 1053 1313 1117 secutum
1335 1053 1397 1116 est„

479 1146 599 1228 “Quod
610 1149 779 1218 nomen?”
796 1151 920 1233 quaerit
935 1171 1013 1218 vox.

479 1247 628 1331 “Lester,
644 1271 663 1318 e
679 1249 845 1318 consortio
867 1250 980 1332 Royce
995 1255 1031 1318 et
1047 1249 1166 1319 Lester
1181 1283 1223 1294 -
1236 1268 1277 1317 ac
1291 1254 1332 1315 tu
1347 1267 1399 1316 sa·

397 1347 466 1417 tius
480 1348 605 1417 dixeris
618 1348 847 1418 concinnaton'
862 1350 1005 1431 urbano,
1018 1348 1170 1431 Godfrey
1194 1368 1309 1417 meum
1325 1367 1398 1416 esse

396 1448 656 1516 necessarium.''
672 1449 899 1518 Concinnator
913 1470 1034 1531 capere
1048 1448 1241 1530 videbatur,
1251 1468 1332 1515 narn
1342 1467 1399 1515 ne·

397 1569 462 1616 xus
475 1569 531 1617 me
546 1547 635 1617 inter
650 1555 686 1617 et
700 1547 795 1617 illurn
810 1549 882 1618 sine
896 1570 992 1618 mora
1018 1549 1163 1618 effectus
1185 1554 1246 1617 est.
1268 1547 1398 1616 Verum

397 1653 433 1716 et
447 1668 526 1716 cum
540 1670 580 1716 eo
594 1647 654 1716 vix
669 1649 745 1731 plus
760 1648 898 1731 profeci.

483 1746 575 1817 “Nos
590 1748 726 1830 etenim,
739 1749 861 1818 indicio
876 1747 973 1818 nobis
995 1747 1208 1830 denuntiato,
1232 1767 1341 1829 quum
1365 1745 1398 1815 id

398 1848 521 1916 scitum
536 1855 571 1916 et
586 1848 752 1930 gravioris
762 1849 925 1918 momenti
936 1871 1009 1918 esse
1020 1847 1310 1929 intellexissemus,
1320 1868 1400 1916 eum

400 1948 556 2030 protinus
570 1948 735 2017 Cestriam
747 1948 1137 2018 Occiduamdimisimus.
1164 1947 1263 2017 Viam
1273 1948 1401 2030 ingres·

399 2069 458 2117 sus
472 2056 524 2116 est
539 2047 757 2130 simulatque
772 2048 947 2117 historiam
962 2048 1004 2117 de
1020 2047 1121 2130 Pigot
1145 2047 1398 2130 conscripserat,

400 2154 436 2216 et
471 2169 552 2216 enm
587 2146 745 2216 reducem
790 2170 926 2230 quoqne
960 2153 1133 2216 momento
1154 2154 1399 2229 exspectamus.

403 2246 579 2330 Numquid
594 2246 698 2316 habes
713 2247 803 2330 quod
818 2248 849 2317 ei
864 2249 1016 2317 nuntiari
1030 2247 1155 2318 velis‘l''

485 2345 640 2428 “Habeo;
662 2347 714 2416 dic
729 2347 785 2430 illi,
800 2347 908 2430 sodes,
934 2347 1034 2429 Pigot
1047 2347 1082 2415 in
1098 2347 1243 2416 statione
1257 2345 1331 2416 Vrae
1345 2346 1400 2415 Vi-

400 2447 539 2530 gesimae
562 2446 688 2516 Tertiae
710 2469 793 2530 csse,
816 2449 1077 2530 consultumque
1099 2447 1207 2516 videri
1229 2453 1271 2516 ut
1285 2468 1335 2530 eo,
1349 2468 1401 2515 ce-

404 2547 540 2616 lerrime
555 2568 659 2629 quarn
674 2548 789 2630 possit,
807 2547 997 2617 decurrat.’'

486 2645 599 2716 “Bene
623 2653 684 2716 est„
708 2647 861 2716 Primum
883 2669 987 2730 qnam
1010 2647 1151 2717 intrabit
1173 2647 1334 2717 nuntium
1355 2645 1401 2715 illi

403 2746 568 2816 tradam.”

486 2845 659 2917 “Gratiam
674 2846 736 2916 tibi
757 2846 902 2928 habeo,''
928 2847 1103 2931 respondi;
1135 2847 1193 2918 sed
1216 2869 1308 2917 nunc
1329 2845 1402 2916 falli

403 2945 655 3015 acerbissimum
670 2946 752 3015 mihi
766 2947 880 3017 fatum
894 2969 967 3017 esse
983 2947 1080 3017 sensi.

488 3045 667 3130 Digressus
681 3047 769 3115 illinc
785 3047 819 3116 in
834 3068 895 3116 ora
908 3047 1066 3116 tramitis¹
1081 3068 1204 3130 anceps
1219 3047 1308 3130 steti,
1324 3068 1402 3116 ocu·

403 3147 442 3214 lis
455 3147 491 3215 in
507 3147 610 3215 rubra
623 3147 777 3230 lampade
803 3147 965 3216 Stationis
986 3146 1124 3215 lictoriae
1147 3146 1275 3216 defixis.
1299 3145 1402 3226 Quid·

404 3268 484 3315 nam
498 3269 589 3316 nunc
603 3247 650 3315 ibi
665 3247 748 3316 fiet?
771 3249 927 3327 Quonam
941 3247 1138 3316 molimento
1161 3247 1277 3317 studet
1301 3247 1401 3330 Pigot

404 3368 461 3416 eos
475 3347 510 3414 in
525 3354 699 3429 stuporem
714 3349 837 3428 agere?
852 3347 1090 3430 Quidquamne
1105 3369 1170 3429 ego
1184 3353 1225 3416 ut
1240 3347 1402 3416 interesse

405 3447 530 3529 possim
546 3453 732 3529 praetexere
752 3449 862 3530 queo?

488 3545 626 3628 Deinde,
641 3546 744 3615 etiam
761 3568 890 3616 mernor
905 3547 1019 3629 Grady
1044 3547 1153 3630 capite
1176 3569 1232 3616 me
1254 3549 1402 3616 salutan-

404 3647 459 3728 tis,
474 3646 764 3729 titubantiumque
785 3647 859 3716 eius
878 3669 1018 3716 crurum
1041 3683 1081 3692 -
1104 3669 1203 3729 aeque
1227 3646 1401 3716 recolendo

405 3767 485 3816 eum
500 3746 582 3815 nihil
598 3747 694 3829 peius
708 3753 859 3816 statuere
884 3769 980 3830 posse
995 3747 1058 3817 nisi
1073 3769 1127 3816 rne
1141 3747 1340 3829 prohibere!
1361 3783 1401 3792 —

507 3999 531 4050 1.
552 3996 681 4060 Tramas,
698 3997 772 4060 -o'te'o,
788 4015 832 4060 m,
844 4003 885 4051 est
909 3998 1103 4059 ambulacrum,
1117 3998 1175 4050 slve
1187 4013 1218 4050 ea
1231 4013 1295 4063 pars
1307 3999 1360 4052 viae
1372 3999 1401 4051 in

407 4083 518 4135 urbibus
530 4081 558 4133 in
573 4099 626 4148 qua
640 4082 764 4134 homines
778 4089 851 4144 eunt,
864 4082 1013 4142 ambulant,
1039 4098 1099 4148 quae
1124 4082 1254 4147 contigua
1267 4089 1308 4135 est
1321 4083 1404 4135 domi·

408 4169 465 4228 bus;
478 4168 549 4218 inter
561 4166 627 4218 duos
641 4165 775 4218 tramites
789 4172 831 4219 est
843 4167 902 4219 iter
913 4167 1049 4232 proprium
1062 4181 1191 4232 equorum
1204 4171 1232 4218 et
1243 4181 1379 4220 curruum.
