3536 5156
789 1912 942 1985 CAPUT
961 1912 1040 1983 XVI

639 2097 801 2181 Philippi
822 2098 976 2168 Vootioe
991 2097 1183 2168 Solototor.

495 2281 681 2366 Hlsroma,
703 2301 806 2365 uuam
830 2279 928 2351 uobis
951 2281 1082 2364 Rogera
1106 2279 1279 2352 halitando
1302 2277 1412 2362 prodi·

411 2383 472 2465 dit,
487 2381 622 2454 sordida
636 2382 790 2466 profecto
805 2387 889 2464 erat,
904 2402 1009 2465 quam
1023 2388 1150 2463 tamen,
1171 2381 1332 2464 quoniam
1352 2400 1411 2450 no

411 2491 520 2554 stram
534 2503 607 2552 rem
621 2480 731 2552 obiter
745 2487 881 2551 tantum
895 2480 1045 2564 attingit,
1056 2501 1261 2565 persumme
1275 2486 1411 2550 tantum

412 2583 526 2669 capita
539 2603 687 2666 carpam.

501 2681 639 2754 Octonis
653 2687 716 2752 aut
730 2681 826 2752 denis
838 2687 919 2751 ante
933 2679 1031 2752 annis
1054 2681 1237 2751 venustula
1267 2678 1352 2750 Iulia
1372 2714 1414 2725 -

416 2790 500 2854 tunc
540 2782 721 2853 dumtaxat
749 2781 822 2864 ipsa
849 2787 942 2852 certe
978 2802 1082 2864 quam
1113 2802 1205 2850 nunc
1240 2779 1415 2850 venustior

414 2881 503 2954 ruit!
524 2917 565 2928 —
586 2903 623 2953 se
636 2881 680 2952 ad
694 2881 859 2951 familiam
884 2880 1076 2964 quamdam,
1103 2901 1181 2964 quae
1206 2880 1313 2950 vitam
1342 2880 1413 2950 aine

413 2983 533 3054 ancilla
547 2981 708 3053 Francica
722 2981 782 3051 vix
796 2981 1007 3052 tolerandam
1029 2979 1092 3051 sibi
1116 2987 1341 3064 persuaserat,
1362 2980 1413 3049 ta·

413 3081 559 3154 mutatui
584 3088 802 3152 auctoratum
831 3081 906 3152 Neo
928 3079 1119 3152 Eboracum
1142 3080 1246 3150 venit
1282 3081 1413 3163 Rogare

415 3204 491 3254 eam
505 3188 722 3265 convenerat,
742 3181 883 3266 eiusque
907 3181 1019 3252 ocellis
1032 3179 1116 3250 atris
1136 3179 1332 3264 labellioque
1357 3200 1415 3250 ru·

414 3282 485 3354 bris
496 3289 626 3367 captus,
641 3280 910 3366 eamdeperibat,
917 3303 967 3364 ac,
976 3287 1158 3365 postremo,
1181 3279 1413 3350 eaminhono

414 3382 547 3454 rificum
556 3381 765 3454 connubium
774 3379 1107 3466 postulavit-haud
1117 3379 1316 3462 necessario,
1327 3399 1413 3463 prae·

414 3489 469 3553 ter
482 3481 645 3555 dubium!
665 3518 707 3529 -
720 3488 755 3551 et
780 3481 815 3551 in
840 3481 1002 3552 maritum
1027 3487 1195 3564 acceptus,
1216 3487 1257 3549 ut
1271 3478 1414 3550 maritus

413 3583 517 3654 huius
530 3581 659 3666 sirenis,
674 3603 754 3652 cum
768 3603 809 3651 ea
824 3581 929 3651 vitam
944 3579 1039 3664 degit
1060 3601 1121 3664 per
1145 3581 1259 3663 plures
1279 3599 1414 3650 menses

413 3691 604 3755 eventuum
617 3683 761 3768 plenam.
784 3681 940 3766 Quodam
965 3679 1112 3764 denique
1127 3679 1182 3750 die
1196 3679 1323 3763 reperit
1337 3700 1414 3750 eam

414 3784 602 3868 aufugisse.

499 3884 585 3968 lpse,
600 3889 642 3954 ut
655 3883 730 3953 fere
744 3882 795 3965 fit,
819 3901 916 3952 suom
940 3880 973 3951 ei
997 3869 1250 3951 coucrediderat
1278 3899 1415 3950 omnem

414 3983 593 4070 pecuniam
608 3988 859 4065 comparentem
873 4017 914 4027 -
929 4002 999 4051 una
1013 3981 1105 4051 enim
1121 3979 1194 4050 haec
1209 3977 1279 4050 fuit
1301 3978 1414 4049 condi·

413 4084 547 4155 tionum
560 4081 737 4154 connubii!
758 4088 1010 4165 comparatum
1032 4101 1169 4164 quoque
1192 4077 1344 4150 evanuit.
1360 4079 1415 4149 Iu·

413 4183 468 4268 lia,
483 4189 524 4255 ut
538 4180 695 4254 credibile
710 4188 772 4265 est,
786 4179 952 4253 deoiderio
976 4179 1153 4252 bituminis
1167 4177 1301 4250 viarum
1317 4178 1413 4252 urbis
