3500 5158
588 894 682 950 runo
699 893 807 950 eroon
824 895 1058 951 obviaremus
1257 879 1322 950 249

400 1059 546 1144 “Quidni
561 1063 664 1134 velim
672 1063 701 1133 !’'
716 1063 902 1148 respondeo
926 1064 982 1134 illi.
1019 1063 1107 1135 “Ubi
1122 1063 1176 1134 vis
1189 1069 1225 1134 te
1240 1086 1321 1133 con-

324 1162 460 1234 veniam
468 1163 505 1233 ?”

404 1279 518 1351 “Hora
532 1281 652 1364 quinta
666 1281 701 1350 in
717 1281 812 1353 exitu
827 1282 902 1352 Viae
916 1280 1128 1352 Libertatis.”

403 1396 570 1482 “Adero''
584 1399 631 1470 illi
643 1399 789 1483 promisi.
812 1401 857 1470 Et
880 1400 986 1470 adfui.

402 1513 508 1584 Simul
523 1521 628 1599 atque
642 1517 787 1586 celocem
812 1517 953 1600 ingressi
969 1537 1098 1600 sumus,
1122 1515 1234 1586 soluta
1256 1522 1319 1602 est,

319 1614 425 1698 puppi
440 1615 475 1684 in
490 1615 629 1685 flumine
644 1623 736 1686 retro
751 1625 837 1700 acta,
862 1617 953 1686 edito
968 1624 1069 1686 acuto
1084 1616 1189 1699 sibilo,
1204 1637 1319 1698 prora-

319 1736 387 1796 que
401 1736 558 1798 prorsum
572 1737 682 1798 versa,
697 1716 763 1785 iter
777 1716 925 1786 secundo
940 1716 1079 1786 flumine
1090 1716 1242 1799 ingressa
1257 1723 1319 1786 est.

318 1817 420 1887 Celox
435 1815 610 1898 navigium
624 1823 700 1887 erat
714 1816 910 1899 expeditum
924 1852 967 1862 —
981 1819 1125 1898 Record,
1144 1817 1235 1900 quod
1254 1817 1320 1886 alia

322 1916 444 1986 diurna
479 1915 680 1999 plerumque
715 1938 876 1999 superare
905 1917 1071 1987 hactenus
1100 1916 1319 2001 gloriabatur,

321 2015 411 2086 idem
427 2022 463 2085 et
477 2037 569 2085 nunc
584 2016 819 2100 praestiturum
834 2025 908 2087 erat
922 2051 963 2063 -
978 2024 1014 2086 et
1025 2039 1132 2100 quum
1147 2039 1182 2087 se
1197 2017 1231 2086 in
1246 2037 1321 2086 cur-

324 2138 400 2186 sum
417 2115 614 2198 elaboravit,
628 2116 861 2200 machinaeque
877 2117 950 2187 eius
968 2117 1012 2186 ad
1027 2138 1188 2187 numeros
1202 2116 1320 2185 halita-

317 2217 413 2386 ξὲῃῃῒ,
437 2215 520 2299 ripae
543 2215 717 2300 utrimque
731 2217 886 2287 celeriter
911 2224 1099 2288 retrorsum
1127 2217 1194 2287 labi
1224 2238 1319 2300 pare-

386 2323 412 2386 t.

399 2432 602 2503 Definientia
615 2432 820 2504 lineamenta
834 2434 929 2504 urbis
943 2435 1017 2505 Neo
1039 2434 1255 2516 Eboracenae,
1276 2440 1318 2503 ut

316 2556 336 2604 e
351 2533 489 2604 flumine
504 2533 674 2617 visuntur,
690 2533 810 2604 mundi
824 2535 1066 2605 miraculorum
1081 2555 1190 2604 unum
1219 2533 1319 2603 effici·

315 2640 392 2716 unt,
405 2655 485 2717 quae
500 2655 564 2716 ego
585 2639 680 2704 stans
703 2634 966 2718 contemplabar,
991 2635 1097 2704 donec
1121 2634 1155 2702 in
1180 2641 1318 2716 portum

315 2734 511 2804 inferiorem
525 2733 590 2804 iter
604 2734 822 2804 flexissemus.
844 2734 922 2804 Duo
936 2734 992 2804 alii
1006 2741 1106 2804 erant
1120 2733 1155 2802 in
1168 2742 1266 2816 stega
1276 2769 1317 2779 —

316 2835 477 2904 relatores
504 2833 644 2904 navales
672 2833 841 2918 ordinarii,
869 2833 915 2905 ut‘
939 2843 1024 2918 puto
1048 2871 1089 2880 -
1113 2835 1317 2918 quibuscum

317 2933 468 3016 Godlrey
489 2933 533 3004 ad
555 2933 810 3004 deliberandum
843 2933 885 3004 de
907 2935 1106 3005 muneribus
1128 2935 1238 3018 operIs
1261 2955 1318 3003 ve.

316 3035 455 3118 spertini
470 3033 505 3102 in
521 3033 657 3104 diaetam
672 3035 902 3116 descenderat;
918 3035 1032 3118 itaque
1044 3057 1108 3118 ego
1122 3033 1165 3104 ad
1180 3055 1316 3117 proram

316 3135 478 3205 haustum
494 3141 662 3217 quantum
678 3142 832 3217 poteram
853 3156 948 3205 aurae
970 3136 1075 3217 salsae,
1101 3134 1198 3204 cuius
1223 3157 1316 3218 sapo

317 3256 389 3304 rem
404 3236 471 3304 iam
487 3234 522 3303 in
538 3233 639 3303 labris
655 3233 740 3303 meis
753 3256 980 3318 perceperam,
1005 3257 1206 3319 progressus
1228 3256 1315 3304 sum.

315 3333 438 3404 Statua
451 3333 633 3404 Libertatis
648 3336 761 3417 paullo
787 3341 868 3405 ante
882 3357 945 3404 nos
959 3341 1043 3417 erat,
1057 3335 1245 3417 ingensque
1266 3335 1317 3404 fa·

315 3435 363 3504 cis
377 3455 450 3504 suae
463 3434 579 3504 lumen
594 3434 857 3517 speculatorium
873 3455 979 3517 aquas
994 3435 1213 3518 persultabat
1249 3435 1317 3504 Na-

315 3534 407 3617 vigia
421 3535 601 3604 innumera
614 3534 682 3603 huc
697 3540 733 3604 et
747 3534 826 3604 illuc
840 3535 1050 3618 circitabant,
1075 3534 1260 3604 luminibus
1280 3535 1315 3604 in

315 3634 413 3717 aquis
427 3633 661 3716 trementibus,
684 3634 785 3717 longe
808 3640 925 3704 autem
950 3657 1117 3718 prorsum,
1141 3635 1316 3718 aliquanto

315 3735 359 3805 ad
373 3736 509 3818 laevum,
538 3733 583 3803 ab
611 3756 696 3804 aura
724 3735 982 3805 reverberatum
1007 3735 1123 3806 lumen
1146 3733 1315 3817 videbam,

316 3834 407 3917 quod
421 3834 526 3904 situm
543 3833 668 3904 Insulae
683 3833 798 3917 Coney
812 3835 991 3906 indicabat.

399 3951 479 4020 Mox
493 3957 530 4020 et
545 3949 697 4034 Godtrey
711 3951 863 4034 accessit,
878 3972 1015 4035 unaque
1029 3958 1159 4022 stantes
1184 3951 1315 4021 silentio

316 4052 546 4136 spectaculum
562 4051 793 4121 intuebamur.

399 4167 542 4240 “Nonne
557 4167 630 4240 haec
644 4174 745 4252 grata
759 4175 842 4240 sunt
856 4168 987 4241 visui?”
1001 4168 1281 4253 coepittandemi
1302 4209 1315 4222 ·
