3536 5156
397 877 461 946 204
658 893 867 947 uvsmmrm
888 893 996 949 ancre
1018 888 1138 948 soma

397 1059 475 1129 dem
490 1059 685 1144 subsistere,
699 1061 794 1130 illum
810 1062 981 1145 excedere,
997 1062 1195 1146 aurigaeque
1221 1068 1400 1132 vecturam

396 1161 597 1244 persolvere.
631 1162 801 1231 Pilentum
817 1164 964 1232 alterum
978 1163 1061 1232 satis
1085 1163 1184 1233 celeri
1207 1184 1311 1232 cursu
1332 1162 1399 1231 iter

396 1259 430 1328 in
445 1261 564 1330 Platea
578 1262 735 1344 prosequi
750 1262 830 1331 vidi.
853 1263 962 1332 Baiuli
978 1263 1046 1332 duo
1072 1283 1185 1332 arcam
1210 1284 1229 1332 e
1250 1262 1397 1345 petorito

397 1368 595 1442 evexerunt,
611 1369 715 1444 atque
731 1363 882 1432 Annand
904 1369 1090 1445 praeeunte,
1104 1363 1140 1431 in
1154 1362 1294 1432 domum
1318 1368 1399 1431 ante

396 1459 493 1530 cuius
507 1461 633 1531 ostium
647 1461 879 1545 constiterant,
894 1463 1109 1532 invexerunt.
1230 1477 1231 1482 ’

480 1579 593 1658 Quina
616 1579 749 1648 circiter
772 1578 905 1648 minuta
928 1580 962 1649 hi
985 1579 1138 1663 aberant,
1162 1579 1254 1648 unde
1275 1579 1398 1649 licebat

395 1678 584 1749 coniectare
599 1701 634 1749 se
650 1700 763 1749 arcam
778 1679 813 1748 in
829 1681 1037 1762 superiorem
1048 1679 1215 1749 baiulasse
1225 1679 1399 1762 contigna-

395 1779 542 1861 tionem;
575 1786 652 1848 tum
674 1778 799 1848 iterum
829 1786 1105 1862 comparuerunt,
1138 1779 1221 1848 hero
1246 1777 1398 1848 Armand

394 1878 587 1948 comitante.
610 1879 686 1962 lpse
700 1879 762 1959 his,
779 1878 917 1961 perinde
942 1887 1046 1962 atque
1070 1879 1209 1962 aurigae,
1233 1878 1398 1948 corollari-

397 2001 456 2047 um
473 1978 651 2061 dilargitus
677 1985 738 2047 est.
762 1979 870 2048 Baiuli
893 1986 969 2048 tum
992 1980 1177 2061 petoritum
1200 1978 1399 2049 conscende-

398 2085 490 2161 runt,
506 2078 597 2161 quod
613 2101 691 2147 cum
707 2079 771 2147 illis
785 2087 940 2161 strepens
955 2101 990 2149 se
1006 2101 1025 2148 e
1039 2079 1151 2148 medio
1167 2079 1315 2148 sustulit.

479 2197 593 2265 Pauca
607 2203 780 2264 momenta
794 2195 946 2265 Annand
962 2205 1056 2266 stans
1070 2196 1105 2264 in
1121 2195 1242 2279 gradu,
1267 2195 1302 2264 in
1324 2194 1397 2264 Pla·

394 2303 451 2364 tea
466 2317 602 2365 sursum
618 2295 845 2378 deorsumque
860 2295 1108 2379 circumspexit,
1132 2296 1209 2365 dein
1224 2295 1399 2378 ingressus

395 2395 484 2465 visui
501 2418 536 2465 se
551 2395 723 2465 subduxit.

477 2512 543 2582 Vix
558 2519 730 2581 momento
744 2519 821 2594 post
836 2512 992 2595 conspexi
1015 2512 1166 2595 Godfrey
1191 2519 1226 2582 et
1252 2513 1396 2582 alterum

394 2611 586 2695 quemdam,
603 2633 705 2694 quem
720 2612 844 2693 agnovi
859 2611 1049 2682 Simmonds
1063 2612 1180 2694 fuisse,
1204 2634 1223 2681 e
1244 2611 1396 2694 taberna,

394 2711 429 2780 in
444 2712 587 2781 adverso
602 2712 687 2793 vico,
703 2711 917 2794 egredientes
931 2712 1022 2781 viam
1037 2718 1278 2794 transcurrere,
1295 2718 1330 2781 et
1340 2711 1396 2780 do·

395 2811 476 2894 mui,
492 2811 526 2880 in
542 2833 646 2894 quam
660 2833 738 2880 arca
763 2813 888 2880 invexa
910 2819 994 2894 erat,
1018 2812 1157 2881 inuere.
1195 2813 1311 2892 Quum
1331 2832 1397 2893 ego

395 2911 529 2994 adveni,
544 2911 600 2981 isti
614 2933 723 2994 usque
737 2911 772 2979 in
787 2911 901 2981 limine
917 2912 1063 2982 stabant.

478 3029 691 3098 Domuncula
705 3029 777 3098 haec
799 3030 952 3111 squalida
966 3036 1002 3099 et
1014 3029 1149 3098 sordida
1172 3035 1256 3110 erat,
1279 3027 1397 3096 vicini-

394 3129 458 3199 tati
482 3129 626 3198 sordidae
646 3150 806 3211 congrua.
843 3130 1074 3212 Pedeplanum
1096 3128 1265 3199 lavatrina
1287 3129 1395 3210 exple·

397 3233 464 3312 bat,
481 3250 586 3311 quam
609 3228 781 3310 inscriptio
802 3229 837 3297 in
861 3230 976 3298 fronte
1001 3229 1198 3298 Francicam
1218 3249 1292 3296 esse
1313 3226 1397 3296 satis

394 3328 596 3410 declaravit;
629 3328 701 3396 haec
727 3336 844 3397 autem
867 3331 994 3411 magna
1022 3329 1218 3398 collustrata
1242 3328 1396 3396 fenestra

390 3437 499 3499 totam
524 3429 674 3497 frontem
697 3427 893 3510 occupabat,
909 3429 936 3498 si
950 3428 1088 3498 ianuam
1104 3427 1220 3497 demas
1242 3447 1331 3509 quae,
1352 3434 1393 3495 ut

394 3535 468 3598 erat
483 3528 682 3610 verosimile,
698 3528 741 3596 ad
757 3527 894 3611 gradus,
904 3550 965 3611 per
981 3529 1042 3598 hos
1057 3549 1140 3598 vero
1155 3530 1190 3597 in
1206 3525 1396 3610 superiores

395 3629 666 3712 contignationes
680 3627 836 3697 ducebat.

474 3746 600 3816 Vultus
615 3744 766 3827 Godfrey
780 3767 823 3813 ex
836 3745 1060 3815 concitatione
1075 3751 1150 3814 erat
1163 3743 1396 3814 inflammatus

392 3845 475 3915 dum
491 3867 608 3914 ansam
622 3845 726 3915 huius
750 3844 863 3914 ianuae
888 3845 1010 3915 leniter
1025 3880 1066 3890 -
1081 3845 1203 3914 leniter
1227 3843 1395 3912 tentabat.

392 3945 657 4117 idddidiffim
691 3945 897 4028 Proclinans,
912 3966 973 4028 per
988 3946 1144 4015 foramen
1158 3945 1263 4015 clavis
1278 3965 1396 4026 specu·

475 4160 608 4232 “Clavis
621 4161 657 4231 in
671 4161 839 4231 foramine
853 4161 993 4245 haeret,''
1009 4169 1174 4233 susurrat.
