<?xml version="1.0" encoding="UTF-8"?>
<!DOCTYPE html PUBLIC "-//W3C//DTD XHTML 1.0 Transitional//EN"
    "http://www.w3.org/TR/xhtml1/DTD/xhtml1-transitional.dtd">
<html xmlns="http://www.w3.org/1999/xhtml" xml:lang="en" lang="en">
 <head>
  <title>
</title>
<meta http-equiv="Content-Type" content="text/html;charset=utf-8" />
  <meta name='ocr-system' content='tesseract 3.04.00' />
  <meta name='ocr-capabilities' content='ocr_page ocr_carea ocr_par ocr_line ocrx_word'/>
</head>
<body>
  <div class='ocr_page' id='page_1' title='image "./mysteriumarcbou00mogygoog/mysteriumarcbou00mogygoog_0290.png"; bbox 0 0 3500 5158; ppageno 0'>
   <div class='ocr_carea' id='block_1_1' title="bbox 585 885 1350 958">
    <p class='ocr_par' dir='ltr' id='par_1_1' title="bbox 585 885 1350 958">
     <span class='ocr_line' id='line_1_1' title="bbox 585 885 1350 958; baseline 0 -2"><span class='ocrx_word' id='word_1_1' title='bbox 585 902 805 956; x_wconf 72' lang='lat' dir='ltr'><strong>annuamus</strong></span> <span class='ocrx_word' id='word_1_2' title='bbox 827 901 1121 958; x_wconf 77' lang='lat' dir='ltr'><strong>urcmmourcu</strong></span> <span class='ocrx_word' id='word_1_3' title='bbox 1279 885 1350 957; x_wconf 26' lang='lat'><strong>1275</strong></span> 
     </span>
    </p>
   </div>
   <div class='ocr_carea' id='block_1_2' title="bbox 346 1069 1351 1454">
    <p class='ocr_par' dir='ltr' id='par_1_2' title="bbox 346 1069 1351 1454">
     <span class='ocr_line' id='line_1_2' title="bbox 346 1069 1351 1154; baseline 0 -14"><span class='ocrx_word' id='word_1_4' title='bbox 346 1073 462 1141; x_wconf 81' lang='lat' dir='ltr'><strong>fertur</strong></span> <span class='ocrx_word' id='word_1_5' title='bbox 475 1071 666 1152; x_wconf 88' lang='lat' dir='ltr'><strong>inventum,</strong></span> <span class='ocrx_word' id='word_1_6' title='bbox 681 1093 722 1140; x_wconf 90' lang='lat' dir='ltr'><strong>eo</strong></span> <span class='ocrx_word' id='word_1_7' title='bbox 736 1091 860 1153; x_wconf 83' lang='lat' dir='ltr'><strong>nempe</strong></span> <span class='ocrx_word' id='word_1_8' title='bbox 886 1070 1051 1154; x_wconf 83' lang='lat' dir='ltr'><strong>singulari</strong></span> <span class='ocrx_word' id='word_1_9' title='bbox 1065 1069 1202 1140; x_wconf 91' lang='lat' dir='ltr'><strong>homine</strong></span> <span class='ocrx_word' id='word_1_10' title='bbox 1219 1071 1277 1153; x_wconf 85' lang='lat' dir='ltr'><strong>qui</strong></span> <span class='ocrx_word' id='word_1_11' title='bbox 1292 1092 1351 1140; x_wconf 93' lang='lat' dir='ltr'><strong>au·</strong></span> 
     </span>
     <span class='ocr_line' id='line_1_3' title="bbox 346 1169 1349 1252; baseline -0.001 -11"><span class='ocrx_word' id='word_1_12' title='bbox 346 1177 421 1241; x_wconf 90' lang='lat' dir='ltr'><strong>ctor</strong></span> <span class='ocrx_word' id='word_1_13' title='bbox 434 1171 554 1241; x_wconf 86' lang='lat' dir='ltr'><strong>mortis</strong></span> <span class='ocrx_word' id='word_1_14' title='bbox 570 1170 676 1240; x_wconf 88' lang='lat' dir='ltr'><strong>Ducis</strong></span> <span class='ocrx_word' id='word_1_15' title='bbox 689 1169 949 1252; x_wconf 86' lang='lat' dir='ltr'><strong>Andegavensis</strong></span> <span class='ocrx_word' id='word_1_16' title='bbox 972 1170 1098 1240; x_wconf 91' lang='lat' dir='ltr'><strong>dicitur</strong></span> <span class='ocrx_word' id='word_1_17' title='bbox 1122 1169 1241 1241; x_wconf 78' lang='lat' dir='ltr'><strong>fuisse.</strong></span> <span class='ocrx_word' id='word_1_18' title='bbox 1263 1169 1349 1240; x_wconf 90' lang='lat' dir='ltr'><strong>Con·</strong></span> 
     </span>
     <span class='ocr_line' id='line_1_4' title="bbox 347 1268 1350 1352; baseline -0.004 -9"><span class='ocrx_word' id='word_1_19' title='bbox 347 1270 455 1343; x_wconf 90' lang='lat' dir='ltr'><strong>coctio</strong></span> <span class='ocrx_word' id='word_1_20' title='bbox 469 1269 567 1341; x_wconf 91' lang='lat' dir='ltr'><strong>istius</strong></span> <span class='ocrx_word' id='word_1_21' title='bbox 582 1271 715 1352; x_wconf 86' lang='lat' dir='ltr'><strong>veneni,</strong></span> <span class='ocrx_word' id='word_1_22' title='bbox 732 1276 773 1340; x_wconf 93' lang='lat' dir='ltr'><strong>ut</strong></span> <span class='ocrx_word' id='word_1_23' title='bbox 787 1268 960 1352; x_wconf 87' lang='lat' dir='ltr'><strong>proditum</strong></span> <span class='ocrx_word' id='word_1_24' title='bbox 975 1277 1036 1352; x_wconf 81' lang='lat' dir='ltr'><strong>est,</strong></span> <span class='ocrx_word' id='word_1_25' title='bbox 1051 1291 1121 1340; x_wconf 89' lang='lat' dir='ltr'><strong>una</strong></span> <span class='ocrx_word' id='word_1_26' title='bbox 1136 1268 1283 1340; x_wconf 85' lang='lat' dir='ltr'><strong>habetur</strong></span> <span class='ocrx_word' id='word_1_27' title='bbox 1298 1292 1350 1339; x_wconf 91' lang='lat' dir='ltr'><strong>ar·</strong></span> 
     </span>
     <span class='ocr_line' id='line_1_5' title="bbox 346 1368 1348 1454; baseline -0.001 -13"><span class='ocrx_word' id='word_1_28' title='bbox 346 1370 434 1441; x_wconf 88' lang='lat' dir='ltr'><strong>tium</strong></span> <span class='ocrx_word' id='word_1_29' title='bbox 449 1391 528 1454; x_wconf 86' lang='lat' dir='ltr'><strong>quae</strong></span> <span class='ocrx_word' id='word_1_30' title='bbox 542 1371 702 1453; x_wconf 88' lang='lat' dir='ltr'><strong>neglectu</strong></span> <span class='ocrx_word' id='word_1_31' title='bbox 717 1368 973 1452; x_wconf 90' lang='lat' dir='ltr'><strong>interciderunt,</strong></span> <span class='ocrx_word' id='word_1_32' title='bbox 988 1368 1048 1439; x_wconf 89' lang='lat' dir='ltr'><strong>sed</strong></span> <span class='ocrx_word' id='word_1_33' title='bbox 1069 1375 1239 1440; x_wconf 90' lang='lat' dir='ltr'><strong>secretum</strong></span> <span class='ocrx_word' id='word_1_34' title='bbox 1261 1369 1348 1440; x_wconf 90' lang='lat' dir='ltr'><strong>eius·</strong></span> 
     </span>
    </p>
   </div>
   <div class='ocr_carea' id='block_1_3' title="bbox 336 1469 1351 4256">
    <p class='ocr_par' dir='ltr' id='par_1_3' title="bbox 347 1469 1349 2453">
     <span class='ocr_line' id='line_1_6' title="bbox 347 1469 1348 1554; baseline -0.001 -13"><span class='ocrx_word' id='word_1_35' title='bbox 347 1471 426 1541; x_wconf 92' lang='lat' dir='ltr'><strong>dem</strong></span> <span class='ocrx_word' id='word_1_36' title='bbox 440 1471 673 1554; x_wconf 86' lang='lat' dir='ltr'><strong>concoquendi</strong></span> <span class='ocrx_word' id='word_1_37' title='bbox 688 1471 733 1541; x_wconf 91' lang='lat' dir='ltr'><strong>ab</strong></span> <span class='ocrx_word' id='word_1_38' title='bbox 746 1469 812 1540; x_wconf 91' lang='lat' dir='ltr'><strong>isto</strong></span> <span class='ocrx_word' id='word_1_39' title='bbox 833 1469 1004 1540; x_wconf 88' lang='lat' dir='ltr'><strong>Crochard</strong></span> <span class='ocrx_word' id='word_1_40' title='bbox 1019 1469 1145 1540; x_wconf 90' lang='lat' dir='ltr'><strong>iterum</strong></span> <span class='ocrx_word' id='word_1_41' title='bbox 1169 1469 1348 1540; x_wconf 89' lang='lat' dir='ltr'><strong>inventum</strong></span> 
     </span>
     <span class='ocr_line' id='line_1_7' title="bbox 347 1568 1348 1654; baseline 0 -13"><span class='ocrx_word' id='word_1_42' title='bbox 347 1578 409 1642; x_wconf 86' lang='lat' dir='ltr'><strong>est.</strong></span> <span class='ocrx_word' id='word_1_43' title='bbox 432 1571 575 1640; x_wconf 90' lang='lat' dir='ltr'><strong>Nullum</strong></span> <span class='ocrx_word' id='word_1_44' title='bbox 589 1571 743 1654; x_wconf 80' lang='lat' dir='ltr'><strong>profecto</strong></span> <span class='ocrx_word' id='word_1_45' title='bbox 769 1577 939 1640; x_wconf 88' lang='lat' dir='ltr'><strong>secretum</strong></span> <span class='ocrx_word' id='word_1_46' title='bbox 963 1568 1006 1640; x_wconf 92' lang='lat' dir='ltr'><strong>ab</strong></span> <span class='ocrx_word' id='word_1_47' title='bbox 1030 1591 1071 1640; x_wconf 93' lang='lat' dir='ltr'><strong>eo</strong></span> <span class='ocrx_word' id='word_1_48' title='bbox 1094 1570 1194 1640; x_wconf 87' lang='lat' dir='ltr'><strong>celari</strong></span> <span class='ocrx_word' id='word_1_49' title='bbox 1218 1577 1348 1654; x_wconf 88' lang='lat' dir='ltr'><strong>potest;</strong></span> 
     </span>
     <span class='ocr_line' id='line_1_8' title="bbox 347 1670 1349 1754; baseline -0.001 -13"><span class='ocrx_word' id='word_1_50' title='bbox 347 1670 487 1741; x_wconf 85' lang='lat' dir='ltr'><strong>historia</strong></span> <span class='ocrx_word' id='word_1_51' title='bbox 501 1672 677 1752; x_wconf 88' lang='lat' dir='ltr'><strong>scelerum,</strong></span> <span class='ocrx_word' id='word_1_52' title='bbox 692 1670 925 1740; x_wconf 88' lang='lat' dir='ltr'><strong>commentarii</strong></span> <span class='ocrx_word' id='word_1_53' title='bbox 947 1670 1206 1740; x_wconf 83' lang='lat' dir='ltr'><strong>malefactorum</strong></span> <span class='ocrx_word' id='word_1_54' title='bbox 1223 1705 1263 1715; x_wconf 89' lang='lat'><strong>—</strong></span> <span class='ocrx_word' id='word_1_55' title='bbox 1275 1693 1349 1754; x_wconf 88' lang='lat' dir='ltr'><strong>my·</strong></span> 
     </span>
     <span class='ocr_line' id='line_1_9' title="bbox 348 1769 1349 1853; baseline -0.001 -12"><span class='ocrx_word' id='word_1_56' title='bbox 348 1773 462 1853; x_wconf 90' lang='lat' dir='ltr'><strong>steria,</strong></span> <span class='ocrx_word' id='word_1_57' title='bbox 488 1770 719 1840; x_wconf 84' lang='lat' dir='ltr'><strong>memorabilia</strong></span> <span class='ocrx_word' id='word_1_58' title='bbox 749 1769 941 1840; x_wconf 81' lang='lat' dir='ltr'><strong>facinorum</strong></span> <span class='ocrx_word' id='word_1_59' title='bbox 967 1769 1108 1840; x_wconf 79' lang='lat' dir='ltr'><strong>ioederis</strong></span> <span class='ocrx_word' id='word_1_60' title='bbox 1132 1772 1307 1853; x_wconf 90' lang='lat' dir='ltr'><strong>scelerum,</strong></span> <span class='ocrx_word' id='word_1_61' title='bbox 1330 1793 1349 1840; x_wconf 90' lang='lat' dir='ltr'><strong>e</strong></span> 
     </span>
     <span class='ocr_line' id='line_1_10' title="bbox 347 1870 1348 1954; baseline -0.001 -13"><span class='ocrx_word' id='word_1_62' title='bbox 347 1871 480 1941; x_wconf 80' lang='lat' dir='ltr'><strong>saeculis</strong></span> <span class='ocrx_word' id='word_1_63' title='bbox 493 1870 653 1953; x_wconf 88' lang='lat' dir='ltr'><strong>vigentis,</strong></span> <span class='ocrx_word' id='word_1_64' title='bbox 668 1878 704 1941; x_wconf 89' lang='lat' dir='ltr'><strong>et</strong></span> <span class='ocrx_word' id='word_1_65' title='bbox 718 1871 816 1940; x_wconf 93' lang='lat' dir='ltr'><strong>cuius</strong></span> <span class='ocrx_word' id='word_1_66' title='bbox 829 1871 1044 1940; x_wconf 76' lang='lat' dir='ltr'><strong>existentiam</strong></span> <span class='ocrx_word' id='word_1_67' title='bbox 1060 1871 1159 1954; x_wconf 89' lang='lat' dir='ltr'><strong>pauci</strong></span> <span class='ocrx_word' id='word_1_68' title='bbox 1174 1870 1278 1940; x_wconf 90' lang='lat' dir='ltr'><strong>etiam</strong></span> <span class='ocrx_word' id='word_1_69' title='bbox 1293 1892 1348 1940; x_wconf 90' lang='lat' dir='ltr'><strong>su-</strong></span> 
     </span>
     <span class='ocr_line' id='line_1_11' title="bbox 347 1969 1348 2055; baseline -0.002 -12"><span class='ocrx_word' id='word_1_70' title='bbox 347 1971 466 2055; x_wconf 86' lang='lat' dir='ltr'><strong>spicati</strong></span> <span class='ocrx_word' id='word_1_71' title='bbox 492 1977 574 2040; x_wconf 90' lang='lat' dir='ltr'><strong>sunt</strong></span> <span class='ocrx_word' id='word_1_72' title='bbox 602 2005 636 2016; x_wconf 92' lang='lat'><em>-</em></span> <span class='ocrx_word' id='word_1_73' title='bbox 665 1971 744 2041; x_wconf 92' lang='lat' dir='ltr'><strong>huic</strong></span> <span class='ocrx_word' id='word_1_74' title='bbox 771 1993 911 2054; x_wconf 86' lang='lat' dir='ltr'><strong>prorsus</strong></span> <span class='ocrx_word' id='word_1_75' title='bbox 936 1971 1116 2054; x_wconf 83' lang='lat' dir='ltr'><strong>propatula</strong></span> <span class='ocrx_word' id='word_1_76' title='bbox 1137 1969 1210 2040; x_wconf 87' lang='lat' dir='ltr'><strong>haec</strong></span> <span class='ocrx_word' id='word_1_77' title='bbox 1224 1978 1348 2041; x_wconf 89' lang='lat' dir='ltr'><strong>cuncta</strong></span> 
     </span>
     <span class='ocr_line' id='line_1_12' title="bbox 347 2070 1348 2153; baseline -0.001 -11"><span class='ocrx_word' id='word_1_78' title='bbox 347 2077 438 2142; x_wconf 86' lang='lat' dir='ltr'><strong>sunt.</strong></span> <span class='ocrx_word' id='word_1_79' title='bbox 460 2071 561 2141; x_wconf 91' lang='lat' dir='ltr'><strong>Hunc</strong></span> <span class='ocrx_word' id='word_1_80' title='bbox 576 2071 624 2140; x_wconf 90' lang='lat' dir='ltr'><strong>ita</strong></span> <span class='ocrx_word' id='word_1_81' title='bbox 638 2070 887 2140; x_wconf 79' lang='lat' dir='ltr'><strong>formidabilem</strong></span> <span class='ocrx_word' id='word_1_82' title='bbox 901 2071 956 2140; x_wconf 86' lang='lat' dir='ltr'><strong>hae</strong></span> <span class='ocrx_word' id='word_1_83' title='bbox 970 2070 1180 2153; x_wconf 80' lang='lat' dir='ltr'><strong>cognitiones</strong></span> <span class='ocrx_word' id='word_1_84' title='bbox 1189 2070 1348 2141; x_wconf 89' lang='lat' dir='ltr'><strong>reddunt.</strong></span> 
     </span>
     <span class='ocr_line' id='line_1_13' title="bbox 348 2170 1349 2251; baseline 0 -10"><span class='ocrx_word' id='word_1_85' title='bbox 348 2171 459 2242; x_wconf 89' lang='lat' dir='ltr'><strong>Nemo</strong></span> <span class='ocrx_word' id='word_1_86' title='bbox 488 2178 569 2241; x_wconf 88' lang='lat' dir='ltr'><strong>ante</strong></span> <span class='ocrx_word' id='word_1_87' title='bbox 597 2193 678 2240; x_wconf 90' lang='lat' dir='ltr'><strong>eum</strong></span> <span class='ocrx_word' id='word_1_88' title='bbox 702 2171 874 2241; x_wconf 87' lang='lat' dir='ltr'><strong>consistet.</strong></span> <span class='ocrx_word' id='word_1_89' title='bbox 899 2170 990 2251; x_wconf 83' lang='lat' dir='ltr'><strong>Quin</strong></span> <span class='ocrx_word' id='word_1_90' title='bbox 1004 2178 1041 2240; x_wconf 89' lang='lat' dir='ltr'><strong>et</strong></span> <span class='ocrx_word' id='word_1_91' title='bbox 1056 2177 1225 2240; x_wconf 89' lang='lat' dir='ltr'><strong>secretum</strong></span> <span class='ocrx_word' id='word_1_92' title='bbox 1247 2171 1349 2242; x_wconf 92' lang='lat' dir='ltr'><strong>huius</strong></span> 
     </span>
     <span class='ocr_line' id='line_1_14' title="bbox 347 2269 1349 2353; baseline 0 -11"><span class='ocrx_word' id='word_1_93' title='bbox 347 2271 451 2342; x_wconf 81' lang='lat' dir='ltr'><strong>foruli</strong></span> <span class='ocrx_word' id='word_1_94' title='bbox 465 2278 586 2341; x_wconf 92' lang='lat' dir='ltr'><strong>notum</strong></span> <span class='ocrx_word' id='word_1_95' title='bbox 602 2270 633 2340; x_wconf 91' lang='lat' dir='ltr'><strong>ei</strong></span> <span class='ocrx_word' id='word_1_96' title='bbox 648 2277 733 2352; x_wconf 86' lang='lat' dir='ltr'><strong>erat,</strong></span> <span class='ocrx_word' id='word_1_97' title='bbox 747 2278 782 2339; x_wconf 90' lang='lat' dir='ltr'><strong>et</strong></span> <span class='ocrx_word' id='word_1_98' title='bbox 797 2291 905 2353; x_wconf 85' lang='lat' dir='ltr'><strong>quum</strong></span> <span class='ocrx_word' id='word_1_99' title='bbox 920 2277 1152 2352; x_wconf 83' lang='lat' dir='ltr'><strong>opportunum</strong></span> <span class='ocrx_word' id='word_1_100' title='bbox 1167 2271 1199 2340; x_wconf 92' lang='lat' dir='ltr'><strong>ei</strong></span> <span class='ocrx_word' id='word_1_101' title='bbox 1212 2269 1349 2342; x_wconf 87' lang='lat' dir='ltr'><strong>videba-</strong></span> 
     </span>
     <span class='ocr_line' id='line_1_15' title="bbox 348 2369 805 2453; baseline -0.002 -13"><span class='ocrx_word' id='word_1_102' title='bbox 348 2377 417 2453; x_wconf 93' lang='lat' dir='ltr'><strong>tur,</strong></span> <span class='ocrx_word' id='word_1_103' title='bbox 432 2391 516 2441; x_wconf 91' lang='lat' dir='ltr'><strong>usus</strong></span> <span class='ocrx_word' id='word_1_104' title='bbox 531 2369 690 2440; x_wconf 83' lang='lat' dir='ltr'><strong>etiamen</strong></span> <span class='ocrx_word' id='word_1_105' title='bbox 705 2369 805 2439; x_wconf 79' lang='lat' dir='ltr'><strong>fuit.”</strong></span> 
     </span>
    </p>

    <p class='ocr_par' dir='ltr' id='par_1_4' title="bbox 336 2468 1351 3652">
     <span class='ocr_line' id='line_1_16' title="bbox 432 2468 1347 2553; baseline 0.002 -14"><span class='ocrx_word' id='word_1_106' title='bbox 432 2473 547 2540; x_wconf 90' lang='lat' dir='ltr'><strong>Herus</strong></span> <span class='ocrx_word' id='word_1_107' title='bbox 571 2469 672 2552; x_wconf 87' lang='lat' dir='ltr'><strong>Pigot</strong></span> <span class='ocrx_word' id='word_1_108' title='bbox 693 2469 890 2553; x_wconf 85' lang='lat' dir='ltr'><strong>conquievit</strong></span> <span class='ocrx_word' id='word_1_109' title='bbox 911 2470 1022 2553; x_wconf 90' lang='lat' dir='ltr'><strong>capite</strong></span> <span class='ocrx_word' id='word_1_110' title='bbox 1042 2468 1191 2553; x_wconf 84' lang='lat' dir='ltr'><strong>pendulo</strong></span> <span class='ocrx_word' id='word_1_111' title='bbox 1205 2471 1347 2541; x_wconf 89' lang='lat' dir='ltr'><strong>medita·</strong></span> 
     </span>
     <span class='ocr_line' id='line_1_17' title="bbox 350 2571 1347 2653; baseline 0.001 -12"><span class='ocrx_word' id='word_1_112' title='bbox 350 2571 496 2651; x_wconf 89' lang='lat' dir='ltr'><strong>bundus,</strong></span> <span class='ocrx_word' id='word_1_113' title='bbox 512 2591 576 2653; x_wconf 91' lang='lat' dir='ltr'><strong>ego</strong></span> <span class='ocrx_word' id='word_1_114' title='bbox 592 2577 709 2640; x_wconf 89' lang='lat' dir='ltr'><strong>autem</strong></span> <span class='ocrx_word' id='word_1_115' title='bbox 724 2571 758 2638; x_wconf 91' lang='lat' dir='ltr'><strong>in</strong></span> <span class='ocrx_word' id='word_1_116' title='bbox 774 2571 887 2639; x_wconf 90' lang='lat' dir='ltr'><strong>animo</strong></span> <span class='ocrx_word' id='word_1_117' title='bbox 902 2591 981 2640; x_wconf 92' lang='lat' dir='ltr'><strong>cum</strong></span> <span class='ocrx_word' id='word_1_118' title='bbox 996 2592 1037 2640; x_wconf 88' lang='lat' dir='ltr'><strong>eo</strong></span> <span class='ocrx_word' id='word_1_119' title='bbox 1052 2591 1114 2652; x_wconf 85' lang='lat' dir='ltr'><strong>per</strong></span> <span class='ocrx_word' id='word_1_120' title='bbox 1133 2571 1270 2653; x_wconf 90' lang='lat' dir='ltr'><strong>longam</strong></span> <span class='ocrx_word' id='word_1_121' title='bbox 1285 2573 1347 2642; x_wconf 94' lang='lat' dir='ltr'><strong>cri·</strong></span> 
     </span>
     <span class='ocr_line' id='line_1_18' title="bbox 349 2670 1349 2752; baseline 0.002 -12"><span class='ocrx_word' id='word_1_122' title='bbox 349 2671 480 2740; x_wconf 91' lang='lat' dir='ltr'><strong>minum</strong></span> <span class='ocrx_word' id='word_1_123' title='bbox 491 2671 613 2740; x_wconf 90' lang='lat' dir='ltr'><strong>seriem</strong></span> <span class='ocrx_word' id='word_1_124' title='bbox 625 2671 659 2738; x_wconf 92' lang='lat' dir='ltr'><strong>in</strong></span> <span class='ocrx_word' id='word_1_125' title='bbox 671 2670 788 2740; x_wconf 90' lang='lat' dir='ltr'><strong>dissita</strong></span> <span class='ocrx_word' id='word_1_126' title='bbox 798 2677 952 2752; x_wconf 89' lang='lat' dir='ltr'><strong>tempora</strong></span> <span class='ocrx_word' id='word_1_127' title='bbox 964 2677 1196 2740; x_wconf 85' lang='lat' dir='ltr'><strong>recurrentem</strong></span> <span class='ocrx_word' id='word_1_128' title='bbox 1205 2671 1287 2740; x_wconf 91' lang='lat' dir='ltr'><strong>mihi</strong></span> <span class='ocrx_word' id='word_1_129' title='bbox 1299 2694 1349 2742; x_wconf 92' lang='lat' dir='ltr'><strong>re·</strong></span> 
     </span>
     <span class='ocr_line' id='line_1_19' title="bbox 348 2770 1349 2854; baseline 0.001 -14"><span class='ocrx_word' id='word_1_130' title='bbox 348 2777 502 2853; x_wconf 87' lang='lat' dir='ltr'><strong>spectare</strong></span> <span class='ocrx_word' id='word_1_131' title='bbox 517 2770 658 2840; x_wconf 90' lang='lat' dir='ltr'><strong>videbar</strong></span> <span class='ocrx_word' id='word_1_132' title='bbox 672 2805 714 2815; x_wconf 93' lang='lat'><em>-</em></span> <span class='ocrx_word' id='word_1_133' title='bbox 729 2771 844 2839; x_wconf 88' lang='lat' dir='ltr'><strong>tristes</strong></span> <span class='ocrx_word' id='word_1_134' title='bbox 859 2770 1002 2854; x_wconf 89' lang='lat' dir='ltr'><strong>ordines,</strong></span> <span class='ocrx_word' id='word_1_135' title='bbox 1029 2777 1205 2853; x_wconf 85' lang='lat' dir='ltr'><strong>tamquam</strong></span> <span class='ocrx_word' id='word_1_136' title='bbox 1231 2773 1349 2854; x_wconf 86' lang='lat' dir='ltr'><strong>strigae</strong></span> 
     </span>
     <span class='ocr_line' id='line_1_20' title="bbox 348 2869 1349 2954; baseline 0.001 -14"><span class='ocrx_word' id='word_1_137' title='bbox 348 2869 621 2952; x_wconf 75' lang='lat' dir='ltr'><strong>Pers-Lachaise,</strong></span> <span class='ocrx_word' id='word_1_138' title='bbox 635 2871 696 2940; x_wconf 92' lang='lat' dir='ltr'><strong>ubi</strong></span> <span class='ocrx_word' id='word_1_139' title='bbox 710 2871 835 2940; x_wconf 86' lang='lat' dir='ltr'><strong>tumuli</strong></span> <span class='ocrx_word' id='word_1_140' title='bbox 850 2871 1002 2940; x_wconf 88' lang='lat' dir='ltr'><strong>tumulos</strong></span> <span class='ocrx_word' id='word_1_141' title='bbox 1027 2871 1173 2954; x_wconf 79' lang='lat' dir='ltr'><strong>stipant3</strong></span> <span class='ocrx_word' id='word_1_142' title='bbox 1202 2871 1262 2941; x_wconf 91' lang='lat' dir='ltr'><strong>ubi</strong></span> <span class='ocrx_word' id='word_1_143' title='bbox 1284 2873 1349 2942; x_wconf 88' lang='lat' dir='ltr'><strong>sin·</strong></span> 
     </span>
     <span class='ocr_line' id='line_1_21' title="bbox 348 2969 1350 3054; baseline 0.005 -15"><span class='ocrx_word' id='word_1_144' title='bbox 348 2971 438 3054; x_wconf 86' lang='lat' dir='ltr'><strong>gulis</strong></span> <span class='ocrx_word' id='word_1_145' title='bbox 452 2971 527 3040; x_wconf 85' lang='lat' dir='ltr'><strong>fere</strong></span> <span class='ocrx_word' id='word_1_146' title='bbox 543 2970 698 3054; x_wconf 84' lang='lat' dir='ltr'><strong>passibus</strong></span> <span class='ocrx_word' id='word_1_147' title='bbox 713 2971 861 3053; x_wconf 89' lang='lat' dir='ltr'><strong>secretis,</strong></span> <span class='ocrx_word' id='word_1_148' title='bbox 884 2969 1064 3054; x_wconf 88' lang='lat' dir='ltr'><strong>mysteriis,</strong></span> <span class='ocrx_word' id='word_1_149' title='bbox 1087 2977 1150 3040; x_wconf 85' lang='lat' dir='ltr'><strong>aut</strong></span> <span class='ocrx_word' id='word_1_150' title='bbox 1175 2973 1350 3054; x_wconf 87' lang='lat' dir='ltr'><strong>tragoediis</strong></span> 
     </span>
     <span class='ocr_line' id='line_1_22' title="bbox 348 3069 1351 3152; baseline 0.001 -11"><span class='ocrx_word' id='word_1_151' title='bbox 348 3071 566 3141; x_wconf 86' lang='lat' dir='ltr'><strong>occurrimus.</strong></span> <span class='ocrx_word' id='word_1_152' title='bbox 589 3069 652 3140; x_wconf 90' lang='lat' dir='ltr'><strong>Hic</strong></span> <span class='ocrx_word' id='word_1_153' title='bbox 667 3079 783 3140; x_wconf 89' lang='lat' dir='ltr'><strong>tamen</strong></span> <span class='ocrx_word' id='word_1_154' title='bbox 796 3071 959 3152; x_wconf 90' lang='lat' dir='ltr'><strong>mysteria</strong></span> <span class='ocrx_word' id='word_1_155' title='bbox 973 3078 1097 3140; x_wconf 89' lang='lat' dir='ltr'><strong>cuncta</strong></span> <span class='ocrx_word' id='word_1_156' title='bbox 1112 3078 1210 3141; x_wconf 87' lang='lat' dir='ltr'><strong>erant</strong></span> <span class='ocrx_word' id='word_1_157' title='bbox 1224 3074 1351 3142; x_wconf 87' lang='lat' dir='ltr'><strong>resolu-</strong></span> 
     </span>
     <span class='ocr_line' id='line_1_23' title="bbox 348 3170 1349 3255; baseline 0.002 -15"><span class='ocrx_word' id='word_1_158' title='bbox 348 3178 394 3254; x_wconf 92' lang='lat' dir='ltr'><strong>ta,</strong></span> <span class='ocrx_word' id='word_1_159' title='bbox 409 3177 540 3240; x_wconf 89' lang='lat' dir='ltr'><strong>secreta</strong></span> <span class='ocrx_word' id='word_1_160' title='bbox 555 3171 738 3255; x_wconf 84' lang='lat' dir='ltr'><strong>patefacta,</strong></span> <span class='ocrx_word' id='word_1_161' title='bbox 754 3171 931 3253; x_wconf 88' lang='lat' dir='ltr'><strong>tragoediae</strong></span> <span class='ocrx_word' id='word_1_162' title='bbox 957 3179 1152 3254; x_wconf 84' lang='lat' dir='ltr'><strong>perspectae.</strong></span> <span class='ocrx_word' id='word_1_163' title='bbox 1179 3170 1258 3241; x_wconf 85' lang='lat' dir='ltr'><strong>Istae</strong></span> <span class='ocrx_word' id='word_1_164' title='bbox 1279 3193 1349 3242; x_wconf 90' lang='lat' dir='ltr'><strong>sce·</strong></span> 
     </span>
     <span class='ocr_line' id='line_1_24' title="bbox 347 3269 1349 3353; baseline 0.002 -13"><span class='ocrx_word' id='word_1_165' title='bbox 347 3271 458 3340; x_wconf 90' lang='lat' dir='ltr'><strong>lerum</strong></span> <span class='ocrx_word' id='word_1_166' title='bbox 473 3269 635 3353; x_wconf 78' lang='lat' dir='ltr'><strong>ambages</strong></span> <span class='ocrx_word' id='word_1_167' title='bbox 660 3271 775 3340; x_wconf 90' lang='lat' dir='ltr'><strong>electis</strong></span> <span class='ocrx_word' id='word_1_168' title='bbox 799 3277 938 3340; x_wconf 88' lang='lat' dir='ltr'><strong>tantum</strong></span> <span class='ocrx_word' id='word_1_169' title='bbox 963 3271 1159 3341; x_wconf 87' lang='lat' dir='ltr'><strong>auctoribus</strong></span> <span class='ocrx_word' id='word_1_170' title='bbox 1183 3273 1349 3342; x_wconf 91' lang='lat' dir='ltr'><strong>scelerum</strong></span> 
     </span>
     <span class='ocr_line' id='line_1_25' title="bbox 348 3370 1349 3452; baseline 0.001 -12"><span class='ocrx_word' id='word_1_171' title='bbox 348 3391 469 3440; x_wconf 87' lang='lat' dir='ltr'><strong>revera</strong></span> <span class='ocrx_word' id='word_1_172' title='bbox 499 3370 633 3452; x_wconf 89' lang='lat' dir='ltr'><strong>magnis</strong></span> <span class='ocrx_word' id='word_1_173' title='bbox 662 3370 837 3452; x_wconf 85' lang='lat' dir='ltr'><strong>patebant,</strong></span> <span class='ocrx_word' id='word_1_174' title='bbox 865 3370 998 3440; x_wconf 88' lang='lat' dir='ltr'><strong>caeteris</strong></span> <span class='ocrx_word' id='word_1_175' title='bbox 1033 3370 1190 3440; x_wconf 89' lang='lat' dir='ltr'><strong>omnibus</strong></span> <span class='ocrx_word' id='word_1_176' title='bbox 1225 3371 1349 3441; x_wconf 88' lang='lat' dir='ltr'><strong>clausae</strong></span> 
     </span>
     <span class='ocr_line' id='line_1_26' title="bbox 336 3469 1348 3541; baseline 0.001 -1"><span class='ocrx_word' id='word_1_177' title='bbox 336 3477 456 3540; x_wconf 80' lang='lat' dir='ltr'><strong>crant.</strong></span> <span class='ocrx_word' id='word_1_178' title='bbox 479 3469 636 3539; x_wconf 87' lang='lat' dir='ltr'><strong>Fortasse</strong></span> <span class='ocrx_word' id='word_1_179' title='bbox 651 3492 694 3539; x_wconf 86' lang='lat' dir='ltr'><strong>ex</strong></span> <span class='ocrx_word' id='word_1_180' title='bbox 709 3470 868 3540; x_wconf 90' lang='lat' dir='ltr'><strong>omnibus</strong></span> <span class='ocrx_word' id='word_1_181' title='bbox 883 3470 972 3540; x_wconf 89' lang='lat' dir='ltr'><strong>vivis</strong></span> <span class='ocrx_word' id='word_1_182' title='bbox 986 3471 1070 3539; x_wconf 93' lang='lat' dir='ltr'><strong>nulli</strong></span> <span class='ocrx_word' id='word_1_183' title='bbox 1091 3470 1155 3540; x_wconf 90' lang='lat' dir='ltr'><strong>nisi</strong></span> <span class='ocrx_word' id='word_1_184' title='bbox 1178 3469 1348 3541; x_wconf 88' lang='lat' dir='ltr'><strong>Crochard</strong></span> 
     </span>
     <span class='ocr_line' id='line_1_27' title="bbox 348 3568 1217 3652; baseline 0 -13"><span class='ocrx_word' id='word_1_185' title='bbox 348 3570 469 3639; x_wconf 89' lang='lat' dir='ltr'><strong>datum</strong></span> <span class='ocrx_word' id='word_1_186' title='bbox 482 3577 536 3639; x_wconf 89' lang='lat' dir='ltr'><strong>est</strong></span> <span class='ocrx_word' id='word_1_187' title='bbox 550 3591 608 3639; x_wconf 88' lang='lat' dir='ltr'><strong>eas</strong></span> <span class='ocrx_word' id='word_1_188' title='bbox 623 3569 758 3639; x_wconf 91' lang='lat' dir='ltr'><strong>nemine</strong></span> <span class='ocrx_word' id='word_1_189' title='bbox 773 3571 958 3639; x_wconf 86' lang='lat' dir='ltr'><strong>lacessente</strong></span> <span class='ocrx_word' id='word_1_190' title='bbox 973 3568 1217 3652; x_wconf 88' lang='lat' dir='ltr'><strong>perambulare.</strong></span> 
     </span>
    </p>

    <p class='ocr_par' dir='ltr' id='par_1_5' title="bbox 347 3669 1351 4052">
     <span class='ocr_line' id='line_1_28' title="bbox 433 3669 1349 3752; baseline 0.003 -13"><span class='ocrx_word' id='word_1_191' title='bbox 433 3669 589 3739; x_wconf 91' lang='lat' dir='ltr'><strong>Visiones</strong></span> <span class='ocrx_word' id='word_1_192' title='bbox 616 3669 816 3752; x_wconf 89' lang='lat' dir='ltr'><strong>istiusmodi,</strong></span> <span class='ocrx_word' id='word_1_193' title='bbox 842 3670 993 3752; x_wconf 86' lang='lat' dir='ltr'><strong>inquam,</strong></span> <span class='ocrx_word' id='word_1_194' title='bbox 1022 3677 1102 3738; x_wconf 89' lang='lat' dir='ltr'><strong>ante</strong></span> <span class='ocrx_word' id='word_1_195' title='bbox 1124 3671 1238 3740; x_wconf 91' lang='lat' dir='ltr'><strong>oculos</strong></span> <span class='ocrx_word' id='word_1_196' title='bbox 1265 3671 1349 3742; x_wconf 92' lang='lat' dir='ltr'><strong>mihi</strong></span> 
     </span>
     <span class='ocr_line' id='line_1_29' title="bbox 348 3768 1351 3852; baseline 0.001 -12"><span class='ocrx_word' id='word_1_197' title='bbox 348 3769 584 3851; x_wconf 86' lang='lat' dir='ltr'><strong>versabantur,</strong></span> <span class='ocrx_word' id='word_1_198' title='bbox 600 3770 855 3852; x_wconf 85' lang='lat' dir='ltr'><strong>sentiebamque</strong></span> <span class='ocrx_word' id='word_1_199' title='bbox 878 3768 1127 3852; x_wconf 84' lang='lat' dir='ltr'><strong>quodammodo</strong></span> <span class='ocrx_word' id='word_1_200' title='bbox 1148 3769 1272 3840; x_wconf 90' lang='lat' dir='ltr'><strong>herum</strong></span> <span class='ocrx_word' id='word_1_201' title='bbox 1298 3772 1351 3841; x_wconf 93' lang='lat' dir='ltr'><strong>Pi·</strong></span> 
     </span>
     <span class='ocr_line' id='line_1_30' title="bbox 348 3869 1349 3952; baseline 0.003 -14"><span class='ocrx_word' id='word_1_202' title='bbox 348 3877 409 3952; x_wconf 92' lang='lat' dir='ltr'><strong>got</strong></span> <span class='ocrx_word' id='word_1_203' title='bbox 424 3891 558 3938; x_wconf 86' lang='lat' dir='ltr'><strong>mecum</strong></span> <span class='ocrx_word' id='word_1_204' title='bbox 573 3869 665 3939; x_wconf 90' lang='lat' dir='ltr'><strong>idem</strong></span> <span class='ocrx_word' id='word_1_205' title='bbox 679 3870 840 3952; x_wconf 89' lang='lat' dir='ltr'><strong>sensisse;</strong></span> <span class='ocrx_word' id='word_1_206' title='bbox 862 3869 922 3939; x_wconf 88' lang='lat' dir='ltr'><strong>sed</strong></span> <span class='ocrx_word' id='word_1_207' title='bbox 943 3876 1019 3952; x_wconf 86' lang='lat' dir='ltr'><strong>post</strong></span> <span class='ocrx_word' id='word_1_208' title='bbox 1044 3890 1152 3952; x_wconf 87' lang='lat' dir='ltr'><strong>pauca</strong></span> <span class='ocrx_word' id='word_1_209' title='bbox 1177 3879 1349 3942; x_wconf 87' lang='lat' dir='ltr'><strong>momenta</strong></span> 
     </span>
     <span class='ocr_line' id='line_1_31' title="bbox 347 3968 1124 4052; baseline -0.001 -14"><span class='ocrx_word' id='word_1_210' title='bbox 347 3968 392 4038; x_wconf 88' lang='lat' dir='ltr'><strong>ad</strong></span> <span class='ocrx_word' id='word_1_211' title='bbox 406 3969 606 4039; x_wconf 89' lang='lat' dir='ltr'><strong>institutum</strong></span> <span class='ocrx_word' id='word_1_212' title='bbox 621 3989 733 4051; x_wconf 90' lang='lat' dir='ltr'><strong>snum,</strong></span> <span class='ocrx_word' id='word_1_213' title='bbox 747 3990 871 4052; x_wconf 87' lang='lat' dir='ltr'><strong>arcam,</strong></span> <span class='ocrx_word' id='word_1_214' title='bbox 886 3970 1000 4038; x_wconf 89' lang='lat' dir='ltr'><strong>animo</strong></span> <span class='ocrx_word' id='word_1_215' title='bbox 1015 3968 1124 4039; x_wconf 89' lang='lat' dir='ltr'><strong>rediit.</strong></span> 
     </span>
    </p>

    <p class='ocr_par' dir='ltr' id='par_1_6' title="bbox 351 4066 1350 4256">
     <span class='ocr_line' id='line_1_32' title="bbox 432 4066 1350 4152; baseline 0.003 -13"><span class='ocrx_word' id='word_1_216' title='bbox 432 4066 487 4139; x_wconf 88' lang='lat' dir='ltr'><strong>“N</strong></span> <span class='ocrx_word' id='word_1_217' title='bbox 488 4090 567 4151; x_wconf 89' lang='lat' dir='ltr'><strong>unc,</strong></span> <span class='ocrx_word' id='word_1_218' title='bbox 583 4069 674 4138; x_wconf 89' lang='lat' dir='ltr'><strong>Here</strong></span> <span class='ocrx_word' id='word_1_219' title='bbox 687 4067 834 4150; x_wconf 79' lang='lat' dir='ltr'><strong>Sirndn,”</strong></span> <span class='ocrx_word' id='word_1_220' title='bbox 848 4076 984 4139; x_wconf 90' lang='lat' dir='ltr'><strong>mutata</strong></span> <span class='ocrx_word' id='word_1_221' title='bbox 999 4068 1145 4152; x_wconf 90' lang='lat' dir='ltr'><strong>denique</strong></span> <span class='ocrx_word' id='word_1_222' title='bbox 1159 4090 1243 4139; x_wconf 86' lang='lat' dir='ltr'><strong>voce</strong></span> <span class='ocrx_word' id='word_1_223' title='bbox 1258 4069 1350 4142; x_wconf 90' lang='lat' dir='ltr'><strong>hunc</strong></span> 
     </span>
     <span class='ocr_line' id='line_1_33' title="bbox 351 4167 1349 4256; baseline 0 -15"><span class='ocrx_word' id='word_1_224' title='bbox 351 4167 491 4252; x_wconf 82' lang='lat' dir='ltr'><strong>affatur,</strong></span> <span class='ocrx_word' id='word_1_225' title='bbox 507 4167 556 4239; x_wconf 87' lang='lat' dir='ltr'><strong>“si</strong></span> <span class='ocrx_word' id='word_1_226' title='bbox 570 4190 633 4256; x_wconf 85' lang='lat' dir='ltr'><strong>pro</strong></span> <span class='ocrx_word' id='word_1_227' title='bbox 647 4175 710 4244; x_wconf 85' lang='lat' dir='ltr'><strong>tua</strong></span> <span class='ocrx_word' id='word_1_228' title='bbox 724 4167 938 4246; x_wconf 87' lang='lat' dir='ltr'><strong>humanitate</strong></span> <span class='ocrx_word' id='word_1_229' title='bbox 951 4168 1043 4240; x_wconf 90' lang='lat' dir='ltr'><strong>hunc</strong></span> <span class='ocrx_word' id='word_1_230' title='bbox 1056 4169 1209 4242; x_wconf 85' lang='lat' dir='ltr'><strong>forulum</strong></span> <span class='ocrx_word' id='word_1_231' title='bbox 1229 4169 1293 4244; x_wconf 88' lang='lat' dir='ltr'><strong>hoc</strong></span> <span class='ocrx_word' id='word_1_232' title='bbox 1314 4173 1349 4248; x_wconf 89' lang='lat' dir='ltr'><strong>in</strong></span> 
     </span>
    </p>
   </div>
   <div class='ocr_carea' id='block_1_4' title="bbox 0 0 1758 5158">
    <p class='ocr_par' dir='ltr' id='par_1_7' title="bbox 0 0 1758 5158">
     <span class='ocr_line' id='line_1_34' title="bbox 0 0 1758 5158; baseline 0 0"><span class='ocrx_word' id='word_1_233' title='bbox 0 0 1758 5158; x_wconf 95' lang='lat' dir='ltr'><strong> </strong></span> 
     </span>
    </p>
   </div>
  </div>
 </body>
</html>
