3554 5156
412 856 475 925 136
672 871 881 926 nrsmmuu
903 871 1010 926 Arcu
1031 865 1150 926 sousa

412 1045 448 1107 et
456 1061 465 1121 ;
481 1045 646 1108 ettamen
662 1039 787 1123 quibus
800 1039 943 1123 contigit
958 1040 1119 1110 adversas
1134 1038 1195 1110 sibi
1211 1043 1325 1122 partes
1335 1057 1416 1106 eum

413 1139 513 1222 tueri,
528 1146 606 1222 post
620 1139 712 1209 haud
727 1140 874 1209 multum
889 1141 1051 1224 temporis
1076 1147 1254 1210 senserunt
1278 1137 1343 1207 sub
1367 1135 1417 1204 in·

414 1239 561 1309 volucris
574 1240 731 1309 mollibus
744 1239 889 1322 byssinis
903 1263 1058 1324 pugnum
1084 1239 1230 1310 maxime
1255 1236 1416 1307 formida·

414 1337 516 1408 bilem
531 1340 709 1408 loricatum
725 1339 930 1408 delitescere.
953 1341 992 1409 ln
1008 1363 1151 1423 summa,
1166 1341 1238 1422 ipse
1262 1337 1317 1408 vir
1340 1341 1415 1406 erat

413 1439 504 1509 omni
528 1462 671 1509 numero
694 1440 865 1522 mirabilis
889 1441 947 1523 qui
971 1441 998 1509 si
1024 1439 1216 1524 permoveri
1241 1443 1358 1521 posset
1373 1445 1413 1505 ut

413 1541 674 1609 commentarios
697 1541 778 1609 vitae
806 1547 893 1610 actae
917 1541 1142 1611 scriberet-
1168 1538 1259 1623 quod
1274 1537 1412 1621 quidem

415 1648 512 1709 extra
527 1641 651 1710 limites
665 1663 780 1709 rerum
796 1639 1003 1723 possibilium
1026 1641 1173 1724 positum
1189 1647 1243 1709 est
1258 1675 1298 1683 -
1313 1639 1413 1708 lecto

417 1741 510 1810 ribus
524 1741 656 1810 delitias
680 1741 872 1823 praeberent
896 1763 976 1811 vere
1002 1741 1168 1810 mirificas.
1202 1738 1285 1810 Mihi
1311 1744 1414 1808 antea

415 1862 591 1924 nunquam
606 1841 749 1924 contigit
764 1842 836 1910 sive
851 1842 1021 1924 privatim,
1043 1841 1115 1910 sive
1140 1863 1202 1924 per
1225 1837 1413 1922 negotium,

416 1963 496 2010 eum
522 1942 729 2023 convenisse,
755 1941 895 2024 proinde
920 1963 998 2011 cum
1023 1941 1188 2011 aviditate
1211 1940 1359 2024 quadarn
1374 1960 1414 2008 ac

415 2043 484 2112 zelo
506 2042 723 2110 ministellum
746 2043 816 2111 sine
839 2063 933 2110 mora
954 2043 989 2111 in
1012 2041 1178 2111 officinam
1199 2062 1311 2110 meam
1332 2060 1412 2108 eum

414 2143 560 2212 invitare
575 2143 667 2211 iussi.

498 2243 746 2312 Verumtamen
762 2241 909 2312 Serenus
924 2242 1145 2312 Homblower
1170 2247 1310 2326 aspectu
1331 2239 1414 2311 nihil

417 2343 539 2413 horum
553 2342 709 2426 prodidit.
720 2343 825 2412 Fama
834 2344 907 2412 eius
917 2343 1016 2412 facile
1027 2343 1190 2412 suscitare
1199 2348 1334 2426 poterat
1348 2344 1417 2426 opi-

416 2445 550 2513 nionem
570 2443 801 2513 alicuiusmodi
818 2444 962 2512 hominis
978 2443 1078 2512 medii
1101 2443 1308 2513 mterUriah
1319 2442 1415 2528 Heep

415 2551 520 2627 atque
536 2542 697 2614 Sherlock
711 2543 858 2626 Holmes,
874 2545 970 2626 atqui
994 2544 1098 2614 huius
1113 2545 1147 2612 in
1162 2552 1302 2627 aspectu
1327 2543 1413 2614 nihil

415 2644 668 2724 dissimulantis,
682 2643 766 2712 nihil
779 2643 1005 2712 insimulantis
1030 2643 1296 2714 discernebatur.
1323 2644 1413 2727 Quin

416 2745 470 2813 vir
494 2744 564 2828 ipse
590 2750 664 2812 erat
688 2743 809 2812 mediae
834 2743 955 2825 aetatis,
982 2745 1070 2813 bono
1091 2743 1204 2814 animo
1225 2745 1413 2828 vigoreque

416 2851 569 2926 turgens,
596 2844 710 2926 paullo
732 2844 970 2926 corpulentior,
993 2844 1094 2913 vultu
1118 2851 1245 2927 vegeto
1266 2865 1307 2914 ac
1327 2865 1413 2926 raso,

416 2944 520 3012 oculis
534 2943 719 3012 admodum
733 2943 851 3025 caesiis,
865 2943 1071 3027 caeteroquin
1088 2944 1173 3013 bene
1189 2951 1316 3027 pastus,
1327 2965 1415 3015 mor·

417 3044 577 3127 sibusque
592 3044 717 3112 mentis
731 3045 810 3112 mali
826 3043 967 3113 consciae
983 3045 1124 3113 solutus.
1154 3043 1188 3115 si
1203 3045 1250 3115 illi
1263 3045 1298 3113 in
1315 3045 1412 3114 Lata·

416 3145 474 3212 via
488 3143 623 3212 obviam
637 3144 753 3213 factus
769 3143 921 3224 fuissem,
937 3165 1016 3213 eum
1038 3166 1100 3226 pro
1114 3144 1228 3226 mimo,
1251 3145 1306 3214 vel
1329 3143 1412 3214 hist·

416 3244 508 3312 rione
524 3244 632 3326 perito
648 3265 686 3312 ac
702 3249 837 3312 maturo
852 3242 1057 3313 habuissem.
1074 3243 1210 3327 Aliquid
1226 3244 1261 3313 in
1277 3244 1351 3313 eius
1364 3243 1414 3312 in-

416 3343 507 3413 tuitu
523 3343 704 3424 losephum
718 3343 887 3412 Jeiierson
904 3343 938 3411 in
954 3343 1150 3412 memoriam
1162 3343 1354 3427 aspicientis
1364 3364 1414 3413 re·

415 3444 559 3513 vocabat
575 3479 614 3486 —
630 3444 775 3512 fortasse
790 3443 870 3511 clan'
886 3450 921 3512 et
936 3443 1024 3512 caesii
1041 3443 1114 3512 eius
1128 3443 1225 3512 oculi.
1252 3443 1321 3512 Iste
1341 3443 1414 3526 ipse

415 3549 572 3625 aspectus
587 3543 622 3610 in
637 3563 740 3611 causa
764 3564 836 3611 esse
860 3549 995 3624 poterat
1019 3564 1098 3611 cum
1113 3541 1223 3612 indole
1245 3549 1363 3626 aperta
1378 3551 1414 3612 et

415 3643 534 3712 audaci
550 3664 655 3726 quare
671 3643 706 3711 in
722 3643 791 3711 suis
805 3643 925 3724 coeptis
940 3649 1037 3711 tanto
1052 3663 1209 3712 successu
1225 3641 1369 3712 floreret.

499 3742 657 3812 Manibus
686 3743 777 3811 ultro
806 3743 960 3825 citroque
989 3741 1162 3824 porrectis,
1195 3743 1274 3811 sede
1302 3750 1412 3826 capta,

415 3843 571 3924 protinus
586 3843 620 3911 in
635 3842 764 3912 medias
778 3865 842 3924 res,
858 3843 902 3911 ob
917 3863 1003 3925 quas
1015 3849 1167 3924 venerat,
1183 3841 1326 3925 pedibus
1340 3843 1413 3913 ivit.

415 3941 448 4011 Si
463 3965 565 4024 nunc,
578 3943 637 4012 ubi
653 3943 720 4011 iam
737 3950 946 4025 perspectam
962 3942 1071 4010 habeo
1097 3941 1276 4011 delicatam
1292 3943 1340 4012 rei
1355 3964 1415 4013 na-

415 4050 538 4125 turam,
554 4043 641 4112 hanc
657 4065 729 4112 rem
744 4065 878 4112 mecum
893 4050 1025 4124 reputo,
1049 4043 1152 4110 etiam
1176 4043 1286 4126 magis
1309 4042 1414 4113 admi·

413 4164 471 4212 ror
485 4151 643 4226 paratum
659 4144 883 4227 patulumque
905 4143 979 4212 eius
1002 4144 1172 4224 animum;
1203 4164 1272 4225 quo
1297 4149 1413 4214 tamen
