3554 5156
398 846 459 916 108
658 861 866 916 msrmruu
887 862 994 915 naon
1015 855 1133 916 noum

273 1075 275 1082 -
396 1029 539 1111 novisse,
549 1037 584 1098 ct
594 1029 628 1097 hi
643 1029 869 1099 conditorium
884 1051 1021 1112 quoque
1035 1031 1227 1112 adiverunt
1239 1030 1273 1099 id
1284 1038 1400 1100 tamen

270 1195 276 1216 ,
395 1129 565 1199 incassum
594 1129 672 1198 fuit.
706 1131 817 1198 Nemo
846 1129 1035 1212 disperiisse
1064 1131 1237 1200 lictoribus
1272 1132 1402 1200 relatus

402 1230 485 1298 est.'’

483 1327 575 1398 “Hoc
591 1337 682 1399 certe
697 1329 870 1399 insolitum
885 1336 946 1411 est,
962 1351 1075 1398 nonne
1090 1329 1179 1402 itat”
1195 1330 1400 1413 interpretor

399 1451 473 1512 ego.

481 1529 617 1610 “Valde,
633 1531 800 1612 profecto,
815 1529 1000 1598 insolitum.
1024 1530 1062 1598 ld
1078 1531 1281 1599 alterutrum
1298 1531 1401 1612 signi-

395 1629 492 1698 ficat:
525 1630 597 1698 sive
622 1652 700 1698 suos
723 1629 849 1697 amicos
872 1651 908 1698 se
931 1631 1085 1698 consulto
1108 1630 1304 1711 occuluisse,
1326 1632 1398 1699 sive

395 1751 487 1810 vero,
511 1732 631 1798 saltem
658 1730 733 1798 Neo
757 1729 909 1810 Eboraci,
934 1751 1072 1812 prorsus
1095 1731 1205 1798 nullos
1228 1730 1396 1799 habuisse.

394 1828 523 1897 Verum
538 1828 640 1898 etiam
657 1836 742 1910 tum,
758 1829 879 1897 saltem
902 1829 931 1897 is
955 1830 1014 1910 qui
1038 1829 1230 1898 cubiculum
1256 1830 1287 1898 ei
1313 1831 1399 1900 loca·

393 1929 508 2011 visset,
524 1929 650 1998 mirans
666 1929 746 2010 quid
762 1929 804 1997 de
821 1951 861 1996 eo
875 1930 1008 1997 facturn
1024 1935 1123 2011 esset,
1138 1929 1298 2011 prodiret,
1308 1936 1344 1998 et
1355 1930 1397 1999 de

393 2028 466 2096 eius
480 2028 562 2097 fatis
578 2029 837 2097 sciscitaretur.”

476 2126 653 2196 “Fortasse
668 2130 801 2197 nullum
816 2128 1012 2197 cubiculum
1027 2129 1220 2210 conduxit,”
1244 2151 1395 2198 memoro

392 2249 466 2308 ego.
492 2226 586 2296 “Neo
611 2229 800 2296 Eboracum
822 2229 968 2297 fortasse
992 2228 1092 2297 modo
1106 2229 1272 2311 pervenit,
1289 2237 1395 2298 recta-

393 2348 459 2408 que
476 2327 518 2396 ad
534 2328 681 2396 Vantine
697 2328 877 2409 perrexit?

476 2428 600 2496 Vultus
617 2427 766 2511 Godfrey
782 2429 964 2496 clarescere
986 2429 1099 2510 coepit.

477 2526 527 2596 “A
542 2528 743 2609 vaporaria,¹
761 2527 900 2610 utique!
923 2529 1073 2596 Tantum
1097 2529 1250 2610 profecto
1274 2529 1330 2598 vel
1352 2530 1394 2598 de

393 2649 455 2695 sua
470 2627 630 2697 inducere
646 2636 799 2710 poteram
821 2634 971 2696 tonsura.
1002 2628 1064 2696 Vel
1089 2629 1167 2698 inde
1193 2636 1288 2711 patet
1314 2652 1393 2698 eum

391 2728 449 2795 vix
474 2727 578 2797 denos
601 2729 673 2797 dies
696 2751 717 2797 a
742 2729 884 2797 Francia
910 2729 1069 2798 abfuisse.
1103 2730 1244 2811 Ignosce
1257 2730 1393 2800 interim

392 2828 592 2909 paulisper.”

475 2927 537 2996 His
552 2928 650 2996 dictis
665 2929 732 2996 cito
747 2928 909 3010 discessit,
925 2929 983 2997 sed
999 2929 1112 3011 quinis
1126 2929 1259 2999 circiter
1284 2931 1393 3000 minu·

392 3027 436 3096 tis
451 3029 575 3097 iterum
592 3028 699 3097 rediit.

473 3127 611 3197 “Officio
640 3136 757 3197 nostro
798 3129 1013 3211 telephonavi
1043 3137 1084 3199 ut
1112 3130 1156 3198 ad
1186 3132 1392 3214 vaporarias,

393 3249 469 3309 quae
483 3229 556 3296 heri
572 3230 784 3310 appulerant,
807 3230 1014 3299 sciscitatum
1030 3231 1177 3312 aliquem
1204 3231 1390 3300 mitterent.

389 3329 422 3396 N
424 3350 478 3395 arn
493 3329 521 3396 si
536 3328 607 3409 ipse
622 3334 741 3398 vector
755 3330 871 3410 fuerit,
887 3329 1008 3411 aliquis
1017 3331 1232 3399 nauticorum
1245 3331 1390 3413 effigiem

388 3429 462 3495 cius
477 3435 647 3509 agnoscet.
670 3429 755 3497 Tres
769 3430 913 3498 fuerunt
928 3451 1034 3498 naves
1049 3431 1174 3512 quibus
1195 3430 1318 3499 advehi
1334 3453 1391 3514 po

388 3533 479 3596 terat
500 3565 541 3571 -
563 3530 756 3596 Adriatico
771 3536 876 3610 atquc
893 3531 1045 3610 cocina,
1073 3553 1094 3598 a
1115 3530 1325 3612 Cherbourg,
1340 3539 1390 3599 at·

387 3648 455 3708 que
481 3631 534 3695 Lo
562 3631 747 3710 Toronaico,
774 3651 816 3696 ex
842 3630 967 3697 Havre.
998 3629 1091 3698 Nihil
1114 3629 1206 3698 aliud
1230 3630 1388 3712 estquod

387 3727 521 3808 sciam,''
536 3727 787 3808 cogitabundus
802 3729 988 3810 subiunxit,
1011 3729 1075 3797 nisi
1100 3729 1191 3812 quod
1216 3729 1390 3812 Freyling-

387 3827 507 3896 huisen
523 3835 623 3909 putat
638 3850 673 3896 se
688 3827 835 3896 indolem
851 3829 973 3898 veneni
988 3829 1176 3911 agnovisse.
1194 3830 1231 3898 ld
1243 3829 1388 3911 speciem

386 3928 557 4009 quandam
573 3927 660 3996 acidi
677 3928 845 3998 Borussici
860 3951 933 3998 esse
948 3929 1027 3998 ait.”

488 4147 511 4197 l.
527 4145 646 4198 Subuudi
658 4145 738 4198 navi.
