3554 5156
700 929 878 984 unrnoun
900 930 1043 984 vanarn
1309 913 1370 982 147

373 1117 558 1180 earumque
573 1097 806 1182 disparitatem
828 1120 962 1168 morum
977 1098 1075 1169 facile
1089 1099 1270 1168 observare
1285 1103 1377 1180 pote-

372 1217 456 1267 ram.
478 1197 595 1268 Altera
609 1220 749 1281 prorsus
769 1199 874 1269 tacita
894 1199 1035 1269 sedebat
1059 1199 1217 1269 manibus
1240 1199 1276 1267 in
1299 1221 1375 1280 gre-

372 1297 449 1380 mio,
463 1298 641 1382 capiteque
656 1299 813 1382 pendulo,
837 1299 1021 1369 admodum
1044 1300 1246 1382 composita;
1268 1299 1375 1368 altera

372 1419 455 1467 vero
476 1397 629 1480 inquieta
654 1405 690 1468 et
713 1399 854 1481 mobilis,
878 1399 970 1470 haud
995 1422 1057 1482 par
1082 1421 1160 1482 quae
1189 1400 1374 1481 digitorum

372 1518 551 1568 nervosam
565 1498 785 1581 agitationem
801 1501 982 1569 contineat.
998 1501 1076 1569 Non
1092 1522 1213 1582 parum
1227 1498 1376 1568 mirabar

372 1618 478 1680 quare
492 1598 612 1668 ancilla
626 1599 737 1681 magis
750 1621 854 1682 quam
869 1621 932 1669 sua
955 1599 1091 1669 domina
1113 1601 1314 1683 agitaretur,
1337 1620 1376 1668 ac

371 1697 511 1767 tandem
534 1720 670 1768 morum
696 1699 930 1769 diversitatem
955 1700 1126 1782 neglectui
1151 1699 1376 1768 institutionis

371 1797 626 1868 attribuendam
641 1798 797 1870 iudicavi.
813 1800 1044 1870 Contrarietas
1057 1806 1171 1869 tamen
1187 1800 1268 1868 mibi
1284 1799 1374 1868 baud

371 1897 560 1980 ignoranda
580 1906 665 1968 erat.

454 2031 518 2102 via
542 2032 687 2116 denique
714 2033 852 2104 Decima
873 2035 979 2104 rheda
999 2035 1125 2103 iterum
1146 2034 1189 2103 ad
1219 2055 1374 2102 occasum

372 2131 436 2201 iter
450 2131 575 2214 flectit;
591 2133 669 2202 inde
685 2156 788 2216 prope
803 2135 920 2217 attigit
931 2136 1123 2219 Compitum
1139 2135 1375 2216 Washington,

371 2233 528 2314 pervenit
543 2233 577 2301 in
591 2233 755 2315 Plateam,
779 2256 819 2303 ac
843 2235 988 2316 denique
1013 2241 1094 2304 ante
1121 2235 1211 2303 aedes
1227 2235 1375 2304 Vantine

371 2333 531 2402 constitit.
554 2333 668 2402 Herus
683 2334 906 2403 Homblower
920 2335 1119 2404 mulieribus
1144 2334 1375 2403 descendenti-

278 2469 286 2490 ·
372 2431 436 2501 bus
450 2432 591 2514 adstitit,
606 2455 671 2516 ego
686 2441 801 2504 autem
814 2457 875 2518 per
890 2435 1018 2517 gradus
1032 2436 1152 2504 ducem
1166 2459 1219 2503 me
1235 2435 1374 2517 praebui.

371 2531 435 2602 Sed
451 2532 509 2602 ubi
525 2533 567 2602 ad
584 2534 762 2616 fastigium
777 2535 950 2617 graduum
965 2535 1153 2618 attigimus
1180 2543 1214 2604 et
1240 2537 1274 2604 in
1297 2557 1374 2604 con-

371 2639 524 2714 spectum
550 2641 719 2703 sertorum
745 2635 946 2704 funebrium
972 2658 1013 2703 ex
1039 2637 1125 2705 ostio
1151 2636 1372 2718 pendentium

371 2754 644 2816 perveneramus,
659 2743 816 2805 matrona
831 2736 944 2806 velata
956 2735 1022 2806 leni
1037 2737 1280 2805 exclamatione
1296 2737 1372 2806 sub·

371 2833 476 2903 stitit:

454 2948 520 3019 “At
536 2972 601 3033 ego
614 2951 772 3034 nescivi,”
786 2953 908 3035 inquit.
930 2951 1080 3022 “Tamen
1095 2954 1240 3022 fortasse
1256 2977 1373 3036 exspe-

370 3057 462 3121 ctare
478 3049 585 3120 satius
599 3059 697 3121 esset.
720 3053 844 3135 Ignara
858 3075 951 3122 eram
968 3107 975 3122 .
992 3107 1000 3122 .
1016 3053 1046 3122 .''

453 3164 568 3236 “Nulli
583 3174 664 3237 sunt
678 3169 867 3252 propinqui,
882 3192 959 3238 mea
985 3170 1086 3252 Hera,
1113 3192 1198 3252 quos
1223 3171 1373 3239 offenda-

370 3267 477 3348 mus,”
492 3266 668 3350 interpello
682 3291 755 3350 ego.
772 3268 891 3352 “Quod
906 3291 987 3339 vero
1001 3270 1044 3339 ad
1059 3277 1233 3339 mortuum
1249 3271 1373 3340 attinet

371 3365 451 3449 quid
467 3366 513 3436 illi
529 3369 638 3437 refert
646 3367 683 3438 ?'’
704 3375 741 3438 et
755 3370 863 3438 tinnii.

451 3483 560 3554 Parks
575 3485 699 3555 ostium
715 3485 902 3570 adaperuit,
925 3510 993 3571 quo
1008 3511 1068 3571 per
1082 3493 1206 3556 nutum
1221 3490 1372 3558 consalu-

369 3590 452 3665 tato,
467 3585 596 3667 praeivi,
612 3586 830 3668 advenasque
844 3587 879 3655 in
894 3589 1052 3657 conclave
1069 3587 1196 3655 induxi.
1220 3588 1369 3670 Godfrey

368 3706 424 3753 me
437 3684 484 3753 ibi
500 3686 770 3768 praestolabatur,
785 3687 884 3756 cuius
898 3689 1050 3757 animum
1066 3711 1108 3756 ex
1124 3689 1229 3756 oculis
1243 3691 1371 3772 conspi-

367 3805 481 3866 cuum,
498 3792 590 3854 etex
605 3785 761 3868 ingressu
776 3787 849 3856 heri
875 3787 1098 3857 Homblower
1121 3788 1370 3872 mulierumque

369 3883 554 3954 excitatum
570 3886 736 3970 perspexi.

452 3999 535 4070 “Hic
560 4023 658 4072 meus
682 4004 778 4072 testis
804 4010 865 4086 est,
891 4005 994 4074 herus
1017 4007 1199 4090 Godtrey,”
1219 4008 1369 4089 inquam,

367 4099 493 4270 {assellis
504 4099 614 4230 bunc,
638 4103 683 4172 illi
708 4111 843 4173 autem:
877 4103 1027 4174 “Herum
1058 4107 1118 4177 tibi
1149 4110 1232 4178 sisto
1262 4108 1371 4176 Horn-
