3536 5156
598 934 793 992 cnocmnn
811 935 892 992 unu
909 933 1137 992 mvmcrsum
1303 915 1367 990 2³⁵

363 1103 555 1176 tresfuisse
583 1125 697 1189 cassos,
720 1126 784 1176 nec
808 1126 1018 1190 quemquam
1042 1103 1221 1189 punitum;
1242 1103 1369 1175 scelera

365 1204 545 1276 commissa
559 1206 668 1289 plura,
683 1205 842 1276 sicarium
867 1226 979 1290 usque
1003 1205 1076 1276 frui
1099 1204 1265 1288 libertate,
1288 1202 1369 1274 libe·

365 1325 510 1388 rumque
524 1304 686 1375 futurum
710 1305 837 1388 videri3
858 1304 951 1375 unde
973 1326 1035 1389 per
1060 1326 1096 1375 se
1122 1302 1252 1375 fluebat
1276 1300 1368 1387 quod

365 1403 488 1475 diuma
509 1405 643 1476 extritis
666 1404 824 1476 omnibus
845 1407 946 1476 cesus
966 1403 1217 1487 vicissitatibus,
1234 1409 1369 1474 senten·

366 1504 450 1574 tiam
465 1504 719 1575 communitatis
732 1504 857 1588 passim
871 1504 1003 1588 agitare
1027 1511 1214 1588 coeperunt,
1240 1501 1369 1586 aliquid

366 1603 489 1675 alicubi
503 1605 591 1675 male
605 1604 690 1688 geri,
705 1603 945 1689 decuriamque
960 1610 1125 1688 agentum
1149 1603 1306 1674 ventilari
1327 1623 1368 1672 ac

367 1705 555 1788 repurgari,
571 1711 608 1775 at
622 1705 687 1774 hoc
700 1703 779 1775 inde
794 1725 816 1774 a
830 1703 950 1788 capite,
965 1711 1130 1788 oportere.

450 1804 541 1875 Arca
556 1804 662 1875 Boule
676 1804 712 1874 in
733 1804 878 1876 statione
902 1804 1062 1875 decuriali
1077 1803 1153 1876 Viae
1171 1801 1370 1888 Vigessimae

369 1903 497 1975 Tertiae
511 1905 644 1975 occlusa
658 1911 694 1975 et
717 1904 874 1976 obserata
898 1903 1371 1988 mansit;c1avimquecelae

369 2003 560 2075 Simmonds
584 2005 620 2074 in
646 2007 779 2075 sacculo
802 2004 970 2089 gestabat
1003 2005 1105 2075 Nunc
1125 2004 1194 2075 iam
1209 2004 1277 2075 scio
1291 2025 1371 2076 eum

371 2105 460 2175 circa
473 2125 588 2175 arcam
601 2107 700 2175 tanti
715 2107 845 2189 quanti
859 2111 1018 2175 caeteram
1033 2105 1166 2188 plebem
1188 2104 1296 2176 fuisse
1319 2125 1373 2174 ca·

366 2203 470 2287 ligine
485 2225 655 2285 mersum
677 2210 712 2274 et
733 2205 879 2288 populus
902 2203 1040 2288 quidem
1055 2211 1147 2275 certe
1171 2203 1207 2274 in
1232 2203 1374 2274 summis

372 2302 522 2374 tenebris
546 2303 759 2386 coecutiebat,
783 2303 950 2388 siquidem
975 2304 1010 2374 in
1036 2304 1151 2376 relatis
1171 2304 1214 2375 de
1239 2303 1374 2376 duobus

373 2402 469 2474 caesis
482 2402 660 2487 prioribus,
675 2425 764 2474 arcae
788 2425 927 2488 prorsus
940 2405 1035 2475 nulla
1049 2403 1154 2476 fiebat
1178 2402 1315 2488 mentio,
1336 2403 1371 2474 in

373 2503 556 2574 novissimo
570 2511 687 2575 autem
709 2525 790 2574 casu
805 2503 864 2574 vix
878 2525 940 2588 per
953 2503 1113 2576 incidens.
1135 2505 1184 2575 Ut
1198 2525 1241 2575 ex
1255 2503 1308 2575 his
1322 2525 1373 2574 re·

368 2603 446 2675 latis
460 2603 570 2687 colligi
585 2610 729 2688 poterat,
744 2602 947 2675 relatoribus
957 2626 1066 2675 unum
1076 2605 1164 2676 circa
1178 2625 1293 2676 arcam
1307 2603 1372 2675 cla·

370 2724 448 2773 rum
463 2724 538 2773 esse
552 2703 744 2788 videbatur,
760 2703 802 2775 de
817 2703 1014 2788 surreptitia
1036 2704 1275 2788 importatique
1288 2704 1372 2788 eius,

370 2807 549 2887 tamquam
563 2803 647 2874 artis
661 2803 814 2874 thesauri
827 2802 883 2873 hic
897 2803 963 2888 agi.
979 2803 1135 2875 Eventus
1148 2804 1248 2875 istius
1272 2826 1374 2888 gene·

372 2902 420 2973 ris
433 2909 531 2973 tanto
546 2903 655 2974 solent
669 2924 742 2974 esse
756 2923 910 2988 numero,
925 2909 967 2975 ut
980 2903 1135 2976 animum
1144 2905 1219 2975 fere
1229 2903 1374 2975 neminis

371 3001 575 3074 devinciant

454 3101 585 3174 Verum
600 3100 791 3174 Simmonds
802 3124 913 3189 usque
927 3125 968 3176 eo
982 3103 1139 3188 pervenit
1152 3109 1193 3174 ut
1208 3103 1372 3188 intellige·

371 3209 425 3273 ret
440 3201 561 3273 solium
577 3202 692 3286 Grady
705 3210 848 3285 nutare;
869 3204 1015 3275 fortasse
1029 3203 1098 3274 iam
1113 3203 1216 3274 etiam
1239 3225 1374 3288 perspe-

370 3302 422 3372 xit
436 3323 540 3373 suum
555 3323 691 3386 quoque
716 3309 821 3387 caput
844 3303 881 3373 in
906 3310 984 3375 tuto
1008 3304 1103 3375 haud
1128 3325 1211 3388 esse,
1232 3302 1372 3389 proinde

371 3424 434 3473 sua
448 3403 523 3474 fata
536 3402 619 3472 fatis
633 3402 748 3487 Grady
762 3403 936 3488 iungenda
950 3425 1023 3475 esse
1038 3403 1147 3487 duxit,
1171 3425 1274 3488 quem
1296 3404 1372 3476 uni·

371 3523 450 3573 cnm
465 3502 680 3574 existimabat
695 3524 730 3573 se
745 3524 789 3573 ex
798 3502 1001 3587 ambagibus
1010 3503 1155 3575 educere
1165 3525 1272 3588 posse.
1284 3503 1373 3575 God-

370 3603 449 3686 frey
463 3603 647 3686 plurimum
661 3602 806 3674 attinere
821 3603 954 3674 censuit
968 3612 1009 3674 ut
1022 3625 1102 3674 arca
1116 3603 1151 3673 in
1166 3604 1250 3674 cella
1264 3605 1373 3674 occlu-

372 3724 410 3773 sa
424 3703 664 3788 contineremr,
680 3709 715 3774 et
730 3708 783 3774 est
797 3710 966 3774 contenta
989 3703 1087 3788 Quod
1101 3725 1185 3774 vero
1199 3703 1243 3775 ed
1258 3702 1373 3788 Grady

371 3803 506 3886 attinet,
521 3803 614 3872 haud
627 3809 713 3886 puto
727 3824 819 3886 eum,
834 3803 938 3874 etiam
953 3825 1061 3888 quum
1075 3803 1119 3874 ad
1143 3803 1265 3875 ultima
1288 3825 1372 3876 ven-

372 3908 449 3973 tum
463 3909 526 3986 est,
541 3903 623 3973 satis
637 3903 839 3974 intellexisse
854 3924 959 3988 quam
979 3909 1112 3988 partem
1134 3924 1214 3974 arm
1235 3903 1271 3973 in
1291 3925 1375 3976 cun·

372 4002 437 4074 ctis
451 4001 504 4073 his
518 4003 699 4074 eventibus
714 4003 834 4074 sortita
848 4011 946 4074 esset

456 4103 597 4173 Interim
612 4110 727 4174 tamen
742 4103 825 4174 dum
836 4125 915 4175 arca
924 4103 1020 4188 vulgi
1031 4103 1255 4175 attentionem
1265 4103 1372 4175 haud-

373 4225 545 4290 quaquam
560 4203 781 4288 devinciebat,
790 4226 831 4275 ac
841 4204 925 4277 dum
939 4204 1090 4291 plerique
1104 4207 1289 4278 relatorum
1297 4225 1373 4276 eam
