3500 5158
428 873 493 945 276
694 889 905 946 ursrsruuu
919 883 1163 946 mensurna

429 1058 499 1129 situ
513 1065 631 1129 tenere
644 1059 738 1143 velis,
755 1081 820 1142 ego
834 1058 954 1130 dentes
974 1059 1102 1129 colubri
1124 1059 1255 1128 interea
1278 1059 1430 1130 evellam.

430 1158 573 1229 Nullum
588 1180 728 1243 prorsus
742 1180 883 1229 vereare
898 1159 1117 1242 periculum,''
1133 1159 1310 1229 subiunxit
1323 1180 1432 1242 quum

430 1259 721 1330 animadverteret
735 1259 926 1330 Simmonds
938 1259 1016 1329 nisu
1031 1258 1180 1342 quodam
1199 1259 1349 1330 naturali
1372 1258 1433 1330 du·

431 1357 550 1429 bitare.

516 1458 570 1530 Sic
583 1458 707 1529 certior
721 1460 838 1530 factus
851 1457 1043 1530 Simmonds
1057 1459 1212 1531 ansulam
1234 1459 1337 1528 foruli
1360 1479 1434 1542 pre·

433 1559 562 1642 hendit,
577 1581 621 1629 ne
636 1581 747 1642 perse
762 1559 978 1630 clauderetur
988 1559 1166 1641 continuit,
1175 1559 1307 1629 interea
1316 1565 1434 1629 autem

434 1659 586 1729 Francus
601 1681 620 1729 e
635 1660 769 1729 sacculo
783 1680 846 1729 suo
861 1659 1009 1741 phialam
1020 1659 1248 1742 crystallinam
1263 1658 1434 1741 produxit.

519 1757 658 1829 “Paullo
673 1758 899 1842 plusculum,”
920 1759 968 1828 ait
991 1759 1065 1841 ille;
1087 1780 1126 1830 ac
1151 1757 1343 1828 Simmonds
1366 1779 1435 1828 non

434 1857 508 1929 sine
532 1859 651 1929 maiori
674 1860 751 1928 nisu
777 1859 932 1928 forulum
955 1859 998 1928 ad
1024 1858 1285 1942 plentitudinem
1300 1857 1436 1941 evulsit,

436 1980 546 2043 quum
561 1980 580 2028 e
594 1958 704 2029 fundo
718 1980 807 2028 arcae
820 1959 953 2028 minuta
978 1958 1100 2028 taleola
1123 1957 1298 2040 chalybeia
1321 1957 1437 2028 biden-

435 2065 510 2128 tata
525 2080 598 2129 sese
613 2080 750 2128 sursum
766 2057 898 2141 pressit.
920 2057 1026 2128 “Ecce
1037 2058 1187 2140 dentes,'’
1202 2057 1252 2126 ait
1266 2057 1370 2127 herus
1384 2057 1438 2127 Pi·

436 2165 507 2242 got.
530 2159 705 2229 Orificium
729 2158 852 2242 phialae
877 2159 1027 2240 primum
1042 2158 1113 2240 uni,
1138 2165 1215 2228 tum
1236 2157 1335 2227 alteri
1359 2179 1437 2241 sup·

437 2260 551 2344 posuit
566 2259 724 2329 manibus
738 2281 826 2343 pone
841 2281 880 2328 ac
896 2279 1000 2342 supra
1018 2261 1145 2348 magna
1170 2257 1303 2328 cautela
1327 2256 1437 2327 illatis.

438 2358 638 2430 “Venenum
668 2360 704 2428 in
732 2360 805 2429 loco
832 2359 1024 2428 adhaesione
1050 2357 1200 2440 capillari
1225 2357 1437 2438 continetur;

438 2459 497 2530 sed
525 2459 616 2542 inde,
644 2459 794 2528 immisso
820 2481 898 2528 aere
921 2481 942 2528 a
963 2467 1072 2542 tergo,
1097 2459 1132 2528 id
1145 2457 1280 2541 exigam
1295 2493 1337 2502 -
1351 2479 1438 2540 ecce,

438 2559 605 2630 cemitel''

521 2658 565 2730 Se
578 2659 658 2730 inde
673 2666 786 2730 erecto
800 2659 994 2742 lagenulam
1009 2659 1076 2729 luci
1101 2657 1259 2728 advertit.
1291 2657 1347 2728 Ad
1370 2679 1440 2728 me·

438 2759 601 2830 dietatem
616 2767 690 2830 erat
705 2781 746 2830 ea
760 2759 861 2842 plena
875 2759 1036 2842 lymphae1
1050 2759 1174 2829 rubrae.

523 2857 632 2930 “Satis
647 2859 690 2930 ad
706 2858 939 2929 decimandam
950 2858 1159 2940 Franciam‚''
1170 2857 1228 2941 ait,
1238 2857 1441 2940 subereque¹

439 2966 533 3029 arcte
558 2959 695 3042 intorto,
722 2959 870 3041 phialam
887 2959 922 3027 in
948 2958 1121 3028 sacculum
1143 2957 1342 3028 recondidit.
1364 2955 1442 3028 “Di-

439 3059 537 3129 mitte
552 3080 645 3130 nunc
658 3059 822 3140 forulum,
837 3059 884 3127 mi
899 3058 999 3140 Here,
1014 3058 1041 3127 si
1056 3058 1196 3141 placet,''
1210 3057 1344 3128 monuit
1358 3055 1443 3129 Sim·

441 3159 572 3229 monds.

523 3260 654 3329 Ansula
678 3260 829 3329 relaxata
851 3259 1033 3328 confestim
1046 3259 1082 3328 in
1096 3258 1209 3328 locum
1224 3257 1380 3341 recurrit,
1402 3263 1439 3327 et

442 3359 604 3442 clangens
618 3381 655 3428 se
670 3359 855 3442 replicavit.

525 3458 817 3529 “Animadvertite
832 3466 998 3540 argutum
1017 3458 1135 3542 opus,”
1149 3459 1200 3527 ait
1214 3458 1319 3527 herus
1332 3457 1443 3540 Pigot.

440 3557 596 3630 “Revera
611 3581 778 3643 perquam
793 3559 918 3628 scitum
932 3566 994 3628 est.
1016 3559 1177 3642 Namque
1191 3556 1358 3641 siquando
1371 3579 1442 3628 ma-

539 3763 563 3814 2
582 3759 727 3828 Lympha,
748 3775 795 3814 aa:
808 3761 880 3814 idem
892 3760 964 3828 quod
988 3759 1074 3822 wlco,
1091 3759 1149 3812 sive
1161 3771 1242 3822 aqua,
1256 3757 1401 3822 liquidum,
1414 3758 1446 3810 li·

441 3859 519 3909 quor,
532 3845 616 3898 etiam
628 3850 779 3911 poetarum,
790 3844 837 3898 sed
849 3850 924 3898 recte
934 3843 1086 3904 adhibetur,
1097 3842 1170 3909 quod
1184 3847 1212 3894 et
1223 3840 1286 3895 aliia
1296 3841 1395 3896 formis
1407 3857 1447 3898 sa

440 3930 478 3984 tis
490 3929 623 3992 frequens
636 3934 685 3990 est,
698 3928 741 3981 uti
754 3925 919 3996 lymphare,
935 3923 1143 3994 lymphaticus,
1161 3925 1285 3986 cerritus,
1297 3924 1446 3986 fanaticus,

441 4012 570 4075 furiosus,
583 4017 676 4065 mente
688 4017 793 4078 captus.

542 4097 567 4149 2.
580 4091 682 4158 soon,
699 4092 748 4159 -ὺ,
765 4111 801 4156 n„
814 4101 856 4149 eet
867 4111 955 4162 genua
965 4095 1089 4161 quercus,
1103 4109 1118 4146 e
1129 4093 1208 4148 cuius
1220 4092 1323 4149 cortice
1340 4091 1448 4148 uonna·

442 4179 504 4234 cula
515 4178 595 4242 fiunt,
608 4177 642 4233 ad
654 4177 759 4234 crificia
769 4179 930 4250 lagenarum
943 4177 1118 4234 occludenda
