3554 5156
387 848 429 918 84
648 863 857 918 ursramuu
877 863 986 918 anon
1007 857 1127 918 soum

388 1032 456 1113 bat,
473 1053 537 1115 ego
553 1053 686 1102 mecum
701 1033 859 1117 reputavi
875 1031 958 1115 quid
973 1031 1003 1101 ei
1019 1031 1173 1102 dicturus
1188 1053 1306 1102 essem.
1317 1031 1386 1100 Ho

388 1132 515 1201 minem
529 1133 644 1215 magni
658 1133 735 1216 feci,
751 1133 834 1202 scivi
849 1133 940 1202 enim
954 1154 1010 1201 me
1024 1132 1071 1202 illi
1085 1131 1254 1202 confidere
1276 1153 1384 1216 posse.

388 1231 573 1315 Utcunque
587 1233 778 1315 periculum
794 1235 842 1302 rei
856 1254 913 1302 me
927 1233 1044 1302 facere
1059 1233 1221 1316 oportuit.

471 1381 594 1452 “Nunc
615 1384 770 1467 denique,
795 1384 932 1467 Parks,'’
959 1385 1084 1454 iterum
1108 1405 1214 1466 orsus,
1240 1381 1386 1466 seposito

387 1483 515 1566 pocillo,
537 1482 651 1567 “quod
673 1485 735 1553 tibi
756 1485 867 1554 dicere
891 1485 1000 1555 habeo
1016 1506 1070 1554 res
1084 1483 1225 1568 grandis
1240 1505 1279 1552 ac
1296 1483 1384 1552 seria

387 1591 449 1665 est,
463 1606 525 1654 nec
537 1584 596 1653 ulli
607 1583 802 1667 prodideris.
826 1585 899 1656 Scio
908 1592 944 1655 te
958 1587 1041 1656 hero
1056 1585 1203 1655 Vantine
1218 1604 1383 1666 perquam

387 1685 495 1754 fuisse
520 1685 686 1755 devotum
700 1722 733 1730 —
752 1686 820 1755 iam
831 1693 867 1755 et
882 1685 962 1756 libet
978 1685 1082 1756 fateri
1105 1707 1186 1755 eum
1200 1685 1236 1754 in
1252 1706 1314 1753 suo
1337 1689 1386 1752 te-

385 1791 555 1854 stamento
570 1785 623 1855 tui
634 1807 819 1856 memorem
834 1787 1060 1856 fuisse-nec
1075 1787 1142 1856 ullo
1158 1793 1258 1869 pacto
1266 1784 1385 1855 dubito

387 1885 469 1968 quin
480 1891 519 1954 tu
530 1894 671 1968 paratus
682 1887 727 1957 sis
737 1887 780 1957 ad
796 1888 986 1957 eruendum
1002 1909 1165 1957 arcanum
1181 1907 1252 1956 suae
1267 1884 1386 1954 mortis

386 2006 522 2054 omnem
539 1993 633 2057 tuam
649 2009 788 2070 operam
801 1989 988 2058 conferre.''
1387 2015 1390 2022 ·

470 2117 585 2190 “Nihil
601 2120 788 2205 quidquam
804 2123 886 2192 mihi
901 2123 985 2192 adeo
1000 2123 1092 2192 cordi
1107 2123 1190 2206 est,''
1204 2122 1253 2193 ait
1278 2123 1386 2192 Parks

385 2219 569 2390 affier‘r‘lEo
582 2221 683 2350 'c'orde
699 2243 778 2291 eum
805 2222 915 2293 dilexi.
939 2224 1121 2294 Interitum
1148 2223 1222 2293 eius
1243 2222 1386 2306 gravius

470 2454 579 2526 Facile
595 2458 748 2539 perspexi
765 2479 845 2541 quae
858 2459 990 2529 iactura
1003 2481 1095 2530 mors
1109 2461 1175 2529 ista
1190 2481 1251 2542 pro
1276 2458 1385 2527 Parks

385 2552 516 2638 fuisset,
528 2578 606 2639 quae
620 2557 758 2640 quidem
774 2581 854 2628 eum
868 2560 971 2629 etiam
987 2561 1097 2643 magis
1112 2582 1216 2643 quam
1232 2581 1286 2628 me
1303 2559 1385 2628 affe·

385 2653 440 2735 cit,
456 2677 536 2725 nam
550 2657 606 2727 ille
621 2680 689 2727 non
705 2658 805 2728 modo
820 2660 977 2743 amicum,
993 2661 1233 2730 verumetiam
1249 2660 1381 2728 victum

386 2755 509 2840 amisit,
525 2757 617 2827 unde
628 2780 709 2828 eum
724 2759 791 2828 iam
807 2761 926 2829 maiori
937 2783 1015 2831 curn
1027 2760 1219 2844 sympathia
1230 2781 1386 2843 prosecu-

386 2861 444 2923 tus
458 2877 544 2926 sum.

470 3005 554 3091 “Qui
570 3009 621 3079 tui
636 3032 757 3081 sensus
771 3013 825 3095 sit,
847 3020 1005 3082 accurate
1019 3012 1214 3096 perspicio,”
1234 3010 1384 3095 inquam,

387 3103 498 3176 “unde
521 3117 556 3179 et
577 3117 674 3180 tuam
696 3134 834 3194 operam
855 3115 967 3196 magis
988 3120 1120 3195 expeto.
1143 3113 1291 3182 Causam
1313 3131 1385 3179 suae

386 3208 505 3278 mortis
519 3231 609 3292 vago
625 3213 773 3294 quodam
789 3213 889 3282 modo
904 3213 1065 3296 suspicor;
1081 3220 1118 3281 at
1132 3213 1197 3282 hoc
1210 3211 1312 3281 nimis
1327 3233 1385 3280 va-

385 3329 469 3390 gum
484 3309 568 3392 est,'’
583 3313 753 3396 subiunxi,
767 3314 859 3396 quod
874 3313 1099 3384 animadverti
1112 3313 1226 3382 oculos
1240 3312 1314 3381 eius
1329 3333 1385 3380 ex-

386 3411 593 3491 spectatione
609 3412 759 3495 dilatari;
776 3412 868 3482 “tam
890 3415 1044 3497 profecto
1070 3434 1200 3496 vagum
1222 3419 1258 3481 et
1280 3411 1384 3482 ambi·

386 3530 495 3592 guum
510 3518 549 3580 ut
567 3512 678 3582 verbis
692 3513 895 3583 concredere
920 3514 979 3584 vix
1002 3511 1157 3583 audeam.
1180 3512 1252 3582 Hoc
1275 3533 1384 3582 unum

384 3609 736 3692 tamen'haudssvereor
746 3615 858 3683 dicere
869 3649 907 3660 -·
918 3635 1092 3696 arcanum,
1102 3610 1268 3696 quidquid
1280 3610 1314 3680 id
1327 3611 1383 3692 sit,

383 3710 419 3780 in
434 3711 726 3796 antico'cubiculo,
739 3715 799 3784 ubi
810 3714 978 3784 cadavera
991 3721 1130 3797 reperta
1140 3719 1232 3794 sunt,
1248 3718 1311 3782 aut
1326 3733 1385 3780 ve-

386 3832 424 3880 ro
439 3811 473 3880 in
489 3813 659 3896 contiguo,
674 3814 734 3884 ubi
748 3815 899 3899 supellex
913 3815 1051 3884 condita
1066 3820 1128 3895 est,
1145 3811 1311 3896 originem
1326 3809 1384 3880 ha·

386 3911 453 3981 bet.
475 3912 526 3982 Ea
540 3913 695 3984 cubicula
718 3919 794 3986 sera
809 3915 993 3996 occludam,
1019 3921 1124 3997 teque
1149 3933 1287 3995 operam
1302 3909 1384 3980 dare

385 4013 462 4083 volo
477 4011 593 4083 videre
613 4014 735 4098 nequis
750 4021 785 4085 te
800 4016 918 4099 ignaro
932 4037 974 4085 eo
988 4013 1176 4099 penetret.”

469 4148 568 4222 “Non
593 4149 778 4222 admodum
799 4151 936 4222 videtur
961 4148 1151 4224 verosimile
1176 4167 1384 4232 quemquam
