3536 5156
398 841 460 909 184
659 853 868 909 uusrnnruu
889 853 996 908 ΑΜ
1017 847 1137 909 nourr

483 1022 617 1106 ‘·Nu110,
632 1030 802 1106 quantum
817 1023 930 1092 sciam.
953 1022 1162 1091 Mortuarius
1182 1043 1257 1091 cras
1272 1021 1304 1090 in
1321 1044 1400 1091 cau-

399 1145 472 1193 sam
487 1123 647 1206 inquiret.
684 1123 829 1192 Causam
844 1123 1110 1204 cognoscendam
1126 1123 1154 1191 is
1169 1123 1322 1191 consulto
1336 1123 1402 1191 dis·

399 1224 479 1293 tulit
494 1246 535 1292 ea
549 1245 608 1305 spe
625 1231 666 1292 ut
680 1245 770 1292 nova
785 1225 1016 1306 reperirentur
1030 1224 1121 1292 forte
1136 1222 1360 1291 testimonia”

483 1339 539 1410 “N
541 1362 580 1409 ec
594 1340 664 1408 ulla
678 1346 760 1409 sunt
774 1339 954 1423 repertai'’

486 1455 557 1526 “De
573 1456 675 1526 nullis
689 1456 847 1539 equidem
862 1455 1009 1525 audivi.”

481 1573 556 1643 “Ne
570 1572 695 1643 novisti
709 1573 847 1656 quidem
861 1574 937 1657 quis
952 1574 1153 1656 peregrinus
1168 1574 1221 1642 ille
1236 1573 1396 1643 fuisseti''

484 1689 578 1759 “Iam
592 1691 655 1759 hoc
671 1697 845 1772 repertum
860 1696 922 1758 est.
955 1691 1035 1759 Fuit
1050 1691 1171 1772 aliquis
1184 1691 1310 1760 nullius
1325 1712 1399 1774 pre·

400 1791 450 1873 tii,
465 1791 602 1859 nomine
618 1791 778 1859 Drouet.”

481 1906 700 1976 “Francusne
716 1908 752 1978 ‘i”

480 2023 663 2104 “Francus
694 2024 793 2092 cuius
823 2007 1029 2093 domicilium
1060 2024 1292 2107 subteglinum
1325 2032 1400 2093 erat

401 2125 548 2208 Parisiis,
565 2125 639 2193 Rue
655 2123 697 2193 de
712 2125 745 2193 la
760 2124 962 2193 Huchette.'’

482 2242 595 2311 Herus
621 2240 771 2309 Annand
801 2241 914 2309 animo
939 2241 1092 2310 intentus
1114 2263 1168 2311 me
1191 2241 1400 2323 intuebatur,

399 2343 458 2411 sed
474 2363 566 2410 nune
582 2341 762 2421 relaxatus,
778 2348 813 2409 et
828 2346 869 2408 ut
882 2340 964 2408 mihi
979 2361 1223 2423 persuaseram,
1235 2341 1335 2422 longo
1347 2363 1403 2409 su·

400 2442 512 2525 spirio,
528 2449 568 2510 ut
582 2441 684 2509 homo
698 2442 797 2523 gravi
823 2441 957 2509 levatus
983 2463 1094 2510 onere.
1115 2441 1255 2510 Interim
1278 2442 1312 2508 in
1333 2441 1401 2509 imo

398 2542 501 2611 animi
517 2541 583 2610 mei
600 2562 734 2610 recessu
750 2540 941 2610 umbratilis
956 2562 1113 2624 vagaque
1137 2542 1278 2623 suspitio
1300 2541 1400 2609 subo-

400 2642 459 2711 riri
473 2642 577 2723 coepit
591 2677 633 2685 —-
648 2641 790 2724 suspitio
806 2640 939 2721 scilicet,
956 2642 1023 2709 acsi
1039 2642 1143 2710 herus
1156 2642 1310 2710 Armand
1336 2641 1400 2710 hac

399 2743 434 2810 in
458 2764 495 2810 re
519 2743 619 2823 longe
645 2743 722 2823 plus
746 2740 923 2823 cognitum
945 2741 1086 2810 haberet
1106 2762 1210 2823 quam
1236 2741 1402 2811 hactenus

400 2841 611 2924 prodidisset.

484 2956 600 3027 “Num
627 2963 666 3025 tu
692 2978 774 3026 casu
800 2956 913 3038 aliquo
942 2978 1023 3025 eum
1051 2957 1175 3027 novisti
1185 2957 1221 3027 ?'’
1251 2957 1403 3027 incurius

402 3080 529 3141 quaero.
674 3073 680 3082 '

485 3174 583 3244 “Non
600 3174 698 3256 novi3
720 3175 812 3244 haud
829 3184 923 3260 puto.
945 3176 1006 3244 Est
1027 3181 1144 3244 tamen
1169 3196 1288 3257 unum,
1312 3175 1402 3244 Here

402 3276 531 3356 Lester,
547 3275 639 3357 quod
654 3297 722 3343 uon
738 3277 842 3358 capio,
858 3283 893 3346 et
907 3276 983 3345 ideo
998 3275 1243 3358 indulgentiam
1252 3283 1347 3344 tuam
1359 3275 1402 3344 ob

402 3397 513 3444 meam
529 3375 680 3456 flagitem
695 3377 932 3445 temeritatem.
945 3378 1022 3444 Non
1038 3375 1128 3444 enim
1143 3375 1306 3458 perspicio
1321 3374 1402 3457 quid

402 3476 475 3556 iste,
492 3497 593 3558 quem
608 3497 711 3544 vocas
725 3476 865 3559 Drouet,
887 3477 978 3546 domi
1003 3476 1075 3545 heri
1101 3476 1248 3546 Vantine
1274 3477 1402 3557 negotii

404 3575 592 3644 habuerit.”

486 3690 655 3761 “Litteras
670 3713 727 3761 eas
741 3692 877 3762 volebat
900 3693 935 3762 in
960 3714 1056 3762 suam
1081 3692 1233 3774 redigere
1257 3698 1405 3774 potesta-

403 3793 504 3876 tem,”
521 3792 600 3861 dixi.

486 3908 547 3991 “A,
563 3908 597 3979 id
612 3910 728 3992 itaque
743 3910 946 3979 moliebatur
956 3910 984 3978 !'’
1011 3916 1046 3978 et
1062 3910 1227 3978 salutator
1240 3931 1337 3978 meus
1351 3932 1404 3979 ca-

402 4015 465 4090 put
480 4009 672 4090 quassabat.
695 4009 760 4078 “Et
776 4010 838 4079 hoc
854 4011 1018 4080 tentando
1044 4009 1113 4078 fuit
1135 4010 1403 4092 interemptus?”

485 4123 567 4208 “Ita
584 4147 674 4196 sane.
696 4127 753 4208 At,
769 4127 817 4196 mi
833 4128 923 4197 Here
938 4127 1102 4208 Armand
1118 4126 1152 4195 id
1175 4147 1237 4195 nos
1260 4147 1401 4209 praeser·
