3500 5158
545 910 738 968 cnocnnsn
757 913 838 968 rma
855 911 1084 968 mvmcmrrrs
1251 895 1314 966 245

401 1077 499 1150 “Noli
514 1081 555 1151 de
571 1102 610 1152 eo
625 1082 671 1152 sic
686 1081 865 1166 iudicare‚”
880 1081 967 1152 serio
981 1081 1182 1151 obtestatur.
1198 1079 1316 1163 Usque

315 1180 359 1250 ad
374 1201 476 1250 suum
491 1181 566 1251 Neo
581 1182 722 1252 Eboraci
737 1182 925 1252 adventum
939 1188 1065 1265 praeter
1075 1201 1155 1250 eum
1170 1180 1317 1263 prodito·

315 1301 387 1348 rem
413 1280 483 1364 ipse
508 1281 628 1351 occidit
652 1283 832 1352 neminem.
865 1284 965 1352 Illum
988 1283 1063 1352 iure
1088 1280 1237 1363 quodam
1272 1315 1314 1326 -

316 1380 436 1450 saltem
451 1381 583 1464 legibus
597 1404 732 1452 morum
747 1383 884 1453 furibus
898 1381 1091 1466 propriis-
1101 1381 1231 1452 occidit.
1246 1380 1317 1451 Sua

315 1479 421 1563 ipsius
434 1480 507 1551 vita
521 1503 754 1564 saepenumero
768 1483 803 1551 in
819 1482 1009 1553 discrimine
1023 1480 1234 1564 versabatur,
1256 1481 1315 1551 sed

319 1581 363 1650 ad
377 1582 584 1652 servandum
598 1603 635 1652 se
648 1605 827 1666 nunquam
842 1583 946 1654 alium
960 1581 1142 1653 interemit
1158 1581 1231 1652 Hoc
1241 1582 1272 1652 ei
1281 1582 1317 1652 in

321 1681 468 1765 acceptis
482 1682 640 1752 referto.''

402 1781 553 1852 “Praeter
567 1782 698 1852 Drouet
711 1789 748 1853 et
762 1783 942 1867 Vantine,”
956 1790 1039 1853 noto
1053 1803 1128 1866 ego.

402 1880 511 1953 “Casu
527 1882 681 1964 fortuito,
696 1882 740 1951 ob
755 1883 846 1966 quod
861 1885 932 1967 ipse
946 1884 1040 1953 nullo
1053 1890 1153 1966 pacto
1166 1883 1202 1952 in
1217 1883 1317 1968 culpa

320 1983 401 2066 est,’'
418 1982 590 2066 respondit
605 1981 766 2065 Godtrey.

403 2083 528 2156 “Visne
543 2086 685 2158 innuere
700 2089 792 2158 hunc
807 2107 865 2156 eos
879 2106 948 2154 non
963 2083 1122 2155 occidisse
1130 2083 1166 2154 ?'’

403 2183 527 2256 “Nullo
552 2195 661 2270 pacto.
691 2189 759 2258 Iste
784 2186 987 2256 novissimus
1013 2207 1116 2268 quem
1141 2184 1318 2266 occiderat,

319 2285 397 2368 fuit,
412 2292 454 2355 ut
478 2287 618 2370 primus,
643 2288 804 2371 proditor.
826 2287 875 2358 Ut
901 2308 965 2370 ego
995 2284 1123 2368 opinor,
1149 2284 1318 2354 Crochard

320 2387 411 2456 hunc
434 2386 468 2455 in
494 2387 634 2456 modum
649 2388 888 2458 ratiocinatur:
910 2385 1143 2456 adversarium
1169 2384 1319 2455 occidere

319 2485 418 2555 facile
434 2492 503 2568 est;
525 2494 645 2570 estque
660 2487 817 2570 bestiale;
839 2492 932 2556 caret
946 2484 1038 2554 omni
1063 2483 1167 2554 animi
1189 2484 1319 2554 subtili·

320 2594 401 2656 tate.
421 2587 564 2670 Insuper
578 2594 614 2657 et
629 2587 716 2658 tollit
740 2586 982 2657 adversarium.
1015 2585 1094 2656 Vita
1119 2591 1236 2654 autem
1256 2585 1320 2668 ipsi

319 2686 488 2757 Crochard
503 2686 574 2756 sine
589 2687 790 2758 adversariis
804 2686 895 2756 omni
921 2707 1059 2768 prorsus
1083 2685 1152 2754 eale
1177 2692 1318 2755 careret.

321 2787 411 2856 Nam
425 2786 546 2856 ultimo
561 2787 665 2856 etiam
679 2786 872 2857 adversario
888 2786 1031 2868 sublato,
1046 2784 1158 2868 ipsum
1183 2784 1245 2854 sibi
1266 2785 1317 2854 vi·

324 2895 395 2956 tam
410 2885 558 2956 adimere
573 2888 774 2971 oporteret.”
1204 2885 1207 2891 ’

405 2986 605 3057 “Hominem
619 2987 718 3058 istius
732 2987 867 3071 generis
882 2985 1017 3056 omnino
1041 3007 1110 3055 non
1134 2984 1319 3068 intelligo?

320 3109 373 3156 aro
388 3108 462 3170 ego.

404 3185 472 3257 “At
486 3187 564 3258 vide
578 3189 710 3272 modo,''
724 3187 840 3272 arguit
864 3187 1025 3270 Godfrey,
1048 3185 1169 3256 litteris
1193 3185 1319 3256 iterum

321 3288 519 3387 attrectatis
550 3287 648 3371 “Ipse
676 3288 768 3371 mihi,
798 3288 896 3358 velut
924 3286 1127 3368 adversario,
1156 3286 1319 3355 honorem

320 3395 470 3471 praestat
503 3388 597 3458 Num
622 3411 678 3458 me
702 3389 746 3459 ad
772 3388 983 3472 perdendum
1008 3385 1182 3470 postulat?
1213 3387 1318 3457 Plane

320 3496 447 3571 contra,
463 3489 636 3559 munerari
649 3511 704 3558 me
719 3489 805 3559 vult
827 3488 929 3558 Tollit
943 3487 1096 3570 reginam
1111 3508 1208 3557 suam
1231 3507 1250 3556 e
1274 3487 1320 3556 la-

318 3589 494 3672 trunculis,
509 3611 578 3672 quo
593 3589 758 3659 difficilius
772 3589 816 3659 sit
830 3611 885 3659 me
900 3588 935 3657 in
950 3587 1070 3658 incitas
1083 3608 1195 3670 agere.

404 3687 473 3758 “At
497 3711 589 3772 vero,
616 3690 777 3773 Godfrey‚
803 3695 843 3759 tu
859 3711 917 3758 eas
941 3687 1071 3758 litteras
1093 3693 1185 3757 certe
1198 3709 1267 3758 non
1282 3686 1318 3757 in

320 3788 415 3860 seriis
430 3789 535 3858 habes
547 3788 575 3857 l'’
596 3789 748 3859 obtestor
763 3811 837 3872 ego.
860 3788 914 3859 “Si
930 3789 985 3857 vel
1000 3787 1145 3856 maxime
1166 3787 1237 3870 ipse
1261 3807 1319 3857 eas

321 3889 500 3972 scripserit,
525 3888 559 3959 id
584 3889 629 3958 ad
653 3896 688 3958 te
713 3889 900 3959 ludendum
923 3888 1015 3957 fecit
1037 3886 1071 3957 Si
1092 3886 1182 3957 diem
1197 3887 1319 3957 statuit

321 3988 489 4072 Mercurii,
505 4010 625 4059 revera
639 4010 714 4059 cras
729 3989 875 4059 tentabit
889 4011 968 4058 arca
982 3987 1113 4070 potiri.’'

404 4089 464 4160 “Id
480 4111 544 4172 ego
558 4088 696 4160 minime
709 4096 803 4173 puto.
835 4090 958 4159 Nonne
982 4086 1051 4158 dixi
1075 4086 1137 4156 tibi
1162 4109 1242 4156 eum
1262 4107 1317 4157 me

320 4189 528 4261 novitiorum
550 4211 693 4261 numero
714 4191 861 4262 habere?
891 4189 1015 4272 Scisne,
1034 4187 1162 4272 Lester,
1178 4187 1318 4258 ubinam
