3554 5156
711 827 817 950 occiu
837 894 1029 950 xnouucus
1306 875 1370 949 117

455 1063 593 1134 “Unum
615 1070 766 1146 coeptum
788 1063 1007 1133 temerarium
1031 1061 1175 1134 sufficiet
1198 1083 1261 1144 pro
1284 1059 1369 1142 die‚”

373 1164 529 1248 respondi
546 1185 611 1248 ego
625 1185 703 1233 cum
719 1163 872 1246 suspirio,
888 1163 1162 1247 quandoquidem
1183 1161 1265 1231 mihi
1287 1160 1372 1232 fides

371 1265 503 1346 occulti,
519 1262 654 1343 veneni,
668 1269 941 1346 caeterarumque
955 1284 1071 1333 rerum
1079 1284 1159 1332 cum
1174 1261 1306 1343 impetu
1321 1281 1372 1330 re·

371 1363 443 1434 dire
458 1364 570 1448 coepit.
594 1363 678 1433 Fere
692 1363 915 1446 poenitentem
928 1385 984 1432 me
999 1384 1082 1446 erga
1097 1361 1248 1444 Godirey
1270 1361 1370 1444 gessi,

371 1464 462 1548 quod
477 1485 630 1547 unquam
646 1483 752 1533 ausus
766 1463 829 1533 sim
843 1463 931 1532 circa
945 1485 1025 1532 eum
1040 1462 1206 1533 dubitare.
1237 1459 1372 1532 “Satius

371 1565 436 1634 erit
451 1563 617 1646 dubitare,
634 1563 692 1632 sed
707 1569 902 1646 exspectare
917 1585 957 1632 ac
966 1561 1083 1633 videre
1093 1569 1212 1632 utrum
1223 1561 1371 1644 primum

371 1665 444 1734 vita
459 1663 604 1733 evadere
619 1684 795 1746 queamus,
811 1685 915 1746 quam
928 1663 1074 1733 alterum
1096 1661 1286 1746 paremus.”

455 1761 580 1832 “Recte
595 1763 742 1844 mones,''
765 1763 813 1832 ait
829 1763 979 1846 Godtrey
1003 1763 1125 1833 ridens
1156 1760 1370 1845 “Rupturam

372 1864 459 1933 hanc
474 1871 589 1933 tamen
605 1863 799 1946 reparabo.”

454 1964 637 2034 Cultellum
662 1964 779 2046 itaque
804 1963 1021 2047 exprompsit,
1046 1963 1144 2033 binos
1168 1969 1230 2032 aut
1255 1968 1371 2030 ternos

371 2085 486 2146 uncos
505 2064 563 2147 qui
579 2063 692 2132 tortile
707 2063 917 2132 destinatum
933 2063 1106 2144 tenebant,
1121 2061 1259 2144 laxavit,
1275 2061 1370 2131 torti-

371 2165 403 2233 le
418 2163 592 2247 utrimque
608 2163 748 2245 propius
769 2163 947 2246 contraxit,
973 2164 1164 2232 velaturam
1189 2160 1370 2244 deglupsit,

371 2270 541 2333 extremos
555 2263 641 2332 fines
656 2263 820 2332 tortilium
835 2263 870 2332 in
885 2265 1024 2346 laqueos
1044 2262 1184 2344 inflexit,
1199 2260 1371 2344 copulavit

370 2385 409 2434 ac
425 2363 583 2434 revinxit.

454 2462 559 2546 “Em''
574 2463 695 2546 inquit,
713 2461 844 2532 “totum
861 2463 1038 2532 refectum.
1060 2461 1095 2533 si
1117 2462 1307 2545 perfractor
1320 2461 1371 2531 ie

370 2570 521 2634 nestram
535 2563 781 2646 attrectaverit,
812 2561 1065 2632 suscitatorium
1079 2562 1116 2632 in
1131 2569 1263 2631 motum
1278 2567 1370 2644 aget
1412 2551 1422 2569 ⁸

370 2665 417 2733 At
442 2686 511 2733 non
537 2670 620 2747 puto
644 2685 724 2732 eum
750 2663 783 2732 id
807 2664 992 2732 facturum.
1015 2663 1106 2746 Quin
1121 2661 1275 2732 existimo
1290 2682 1370 2730 eum

370 2785 450 2834 suas
463 2763 730 2834 machinationes
751 2764 942 2845 patefactas
957 2784 1030 2832 esse
1045 2762 1114 2832 iam
1129 2761 1286 2831 sentire.''

455 2861 543 2946 “Qui
559 2863 592 2932 id
609 2862 692 2931 sciat
701 2861 738 2931 ?’'
754 2861 915 2932 dubitans
928 2883 1056 2945 quaero.

453 2961 508 3034 “si
523 2962 629 3032 oculis
642 2962 728 3031 hanc
743 2963 930 3032 fenestram
945 2961 1173 3046 prosequitur,
1189 2961 1279 3045 quod
1291 2981 1370 3030 eum

370 3064 486 3133 facere
500 3062 657 3133 credibile
673 3069 735 3144 est,
761 3063 877 3132 lumen
900 3084 1017 3132 meum
1039 3061 1134 3131 vidit.
1158 3062 1315 3132 Fortasse
1336 3066 1372 3129 et

370 3185 463 3232 nunc
475 3161 625 3245 vigilat.’'

454 3263 608 3345 Opacum
622 3263 785 3332 fenestrae
810 3261 979 3345 quadrum
1005 3260 1098 3331 haud
1124 3261 1196 3330 sine
1222 3259 1370 3344 quodam

370 3371 520 3435 tremore
534 3363 729 3434 contuebar.
753 3363 824 3432 lam
840 3363 1017 3446 negotium
1031 3361 1122 3432 istud
1137 3383 1262 3432 nervos
1277 3383 1370 3432 meos

369 3463 495 3533 iterum
509 3462 643 3532 afficere
658 3463 769 3546 coepit.
778 3461 844 3532 Sed
859 3462 1010 3546 Godfrey
1025 3463 1185 3533 humeros
1193 3463 1370 3546 exagitans

370 3563 558 3634 seavertit.
989 3593 994 3604 ·

454 3663 576 3733 “Nunc
602 3663 742 3733 tandem
768 3663 812 3732 ad
837 3663 982 3746 arcam,’'
1008 3663 1116 3745 fatur,
1147 3661 1300 3747 mihique
1333 3661 1369 3732 in

370 3785 512 3834 ascensu
528 3764 656 3847 postico
670 3763 814 3846 praeivit.

453 3865 583 3949 Rogers
608 3887 718 3948 usque
743 3864 779 3933 in
807 3863 941 3934 camula
964 3862 1135 3934 desolatus
1160 3862 1308 3945 sedebat,
1334 3870 1370 3933 et

369 3965 509 4050 propius
523 3987 603 4034 eum
618 3963 810 4047 aspiciendo
825 3964 997 4047 percipere
1013 3970 1167 4046 poteram
1183 3985 1285 4047 quam
1301 3965 1370 4047 pal·

369 4066 458 4137 lidus
473 4065 692 4148 deiectusque
707 4070 806 4134 esset.
830 4064 982 4148 Quaeque
1006 4063 1081 4133 eius
1103 4063 1291 4134 sollicitudo
1316 4063 1370 4134 fu·

368 4166 444 4249 erit,
459 4165 528 4236 imo
544 4165 618 4235 eius
631 4165 744 4234 animo
758 4163 903 4236 insidere
919 4164 1002 4235 satis
1015 4164 1202 4234 constabat.
