<?xml version="1.0" encoding="UTF-8"?>
<!DOCTYPE html PUBLIC "-//W3C//DTD XHTML 1.0 Transitional//EN"
    "http://www.w3.org/TR/xhtml1/DTD/xhtml1-transitional.dtd">
<html xmlns="http://www.w3.org/1999/xhtml" xml:lang="en" lang="en">
 <head>
  <title>
</title>
<meta http-equiv="Content-Type" content="text/html;charset=utf-8" />
  <meta name='ocr-system' content='tesseract 3.04.00' />
  <meta name='ocr-capabilities' content='ocr_page ocr_carea ocr_par ocr_line ocrx_word'/>
</head>
<body>
  <div class='ocr_page' id='page_1' title='image "./mysteriumarcbou00mogygoog/mysteriumarcbou00mogygoog_0021.png"; bbox 0 0 3502 5158; ppageno 0'>
   <div class='ocr_carea' id='block_1_1' title="bbox 420 847 1170 918">
    <p class='ocr_par' dir='ltr' id='par_1_1' title="bbox 420 847 1170 918">
     <span class='ocr_line' id='line_1_1' title="bbox 420 847 1170 918; baseline 0.001 -1"><span class='ocrx_word' id='word_1_1' title='bbox 420 847 442 917; x_wconf 87' lang='grc'>6</span> <span class='ocrx_word' id='word_1_2' title='bbox 692 863 900 918; x_wconf 80' lang='lat' dir='ltr'><strong>ursmmuu</strong></span> <span class='ocrx_word' id='word_1_3' title='bbox 922 865 1031 918; x_wconf 72' lang='lat' dir='ltr'><strong>rnen</strong></span> <span class='ocrx_word' id='word_1_4' title='bbox 1053 859 1170 918; x_wconf 78' lang='lat' dir='ltr'><strong>nourr</strong></span> 
     </span>
    </p>
   </div>
   <div class='ocr_carea' id='block_1_2' title="bbox 504 1029 1422 1116">
    <p class='ocr_par' dir='ltr' id='par_1_2' title="bbox 504 1029 1422 1116">
     <span class='ocr_line' id='line_1_2' title="bbox 504 1029 1422 1116; baseline 0 -15"><span class='ocrx_word' id='word_1_5' title='bbox 504 1029 604 1101; x_wconf 88' lang='lat' dir='ltr'><strong>“Non</strong></span> <span class='ocrx_word' id='word_1_6' title='bbox 620 1039 712 1114; x_wconf 88' lang='lat' dir='ltr'><strong>erat;</strong></span> <span class='ocrx_word' id='word_1_7' title='bbox 734 1031 909 1102; x_wconf 88' lang='lat' dir='ltr'><strong>enimvero</strong></span> <span class='ocrx_word' id='word_1_8' title='bbox 931 1054 993 1116; x_wconf 91' lang='lat' dir='ltr'><strong>per</strong></span> <span class='ocrx_word' id='word_1_9' title='bbox 1008 1040 1060 1104; x_wconf 92' lang='lat' dir='ltr'><strong>tot</strong></span> <span class='ocrx_word' id='word_1_10' title='bbox 1075 1053 1183 1102; x_wconf 89' lang='lat' dir='ltr'><strong>annos</strong></span> <span class='ocrx_word' id='word_1_11' title='bbox 1203 1053 1333 1102; x_wconf 89' lang='lat' dir='ltr'>merces</span> <span class='ocrx_word' id='word_1_12' title='bbox 1362 1033 1422 1101; x_wconf 91' lang='lat' dir='ltr'><strong>im-</strong></span> 
     </span>
    </p>
   </div>
   <div class='ocr_carea' id='block_1_3' title="bbox 419 1130 1422 1301">
    <p class='ocr_par' dir='ltr' id='par_1_3' title="bbox 419 1130 1422 1301">
     <span class='ocr_line' id='line_1_3' title="bbox 420 1130 1422 1215; baseline 0 -15"><span class='ocrx_word' id='word_1_13' title='bbox 420 1138 557 1214; x_wconf 83' lang='lat' dir='ltr'><strong>portare</strong></span> <span class='ocrx_word' id='word_1_14' title='bbox 579 1130 751 1214; x_wconf 82' lang='lat' dir='ltr'>consuevi,</span> <span class='ocrx_word' id='word_1_15' title='bbox 767 1137 808 1202; x_wconf 93' lang='lat' dir='ltr'><strong>ut</strong></span> <span class='ocrx_word' id='word_1_16' title='bbox 822 1131 1043 1215; x_wconf 85' lang='lat' dir='ltr'><strong>portitoribus</strong></span> <span class='ocrx_word' id='word_1_17' title='bbox 1065 1133 1148 1204; x_wconf 91' lang='lat' dir='ltr'><strong>satis</strong></span> <span class='ocrx_word' id='word_1_18' title='bbox 1171 1139 1342 1203; x_wconf 89' lang='lat' dir='ltr'><strong>constaret</strong></span> <span class='ocrx_word' id='word_1_19' title='bbox 1367 1153 1422 1201; x_wconf 90' lang='lat' dir='ltr'><strong>me</strong></span> 
     </span>
     <span class='ocr_line' id='line_1_4' title="bbox 419 1230 761 1301; baseline -0.003 0"><span class='ocrx_word' id='word_1_20' title='bbox 419 1230 535 1301; x_wconf 85' lang='lat' dir='ltr'><strong>iurem</strong></span> <span class='ocrx_word' id='word_1_21' title='bbox 549 1230 642 1300; x_wconf 89' lang='lat' dir='ltr'><strong>haud</strong></span> <span class='ocrx_word' id='word_1_22' title='bbox 657 1231 761 1300; x_wconf 89' lang='lat' dir='ltr'><strong>esse.”</strong></span> 
     </span>
    </p>
   </div>
   <div class='ocr_carea' id='block_1_4' title="bbox 419 1346 1423 1530">
    <p class='ocr_par' dir='ltr' id='par_1_4' title="bbox 419 1346 1423 1530">
     <span class='ocr_line' id='line_1_5' title="bbox 504 1346 1423 1432; baseline 0.002 -16"><span class='ocrx_word' id='word_1_23' title='bbox 504 1346 607 1417; x_wconf 84' lang='lat' dir='ltr'><strong>“Haec</strong></span> <span class='ocrx_word' id='word_1_24' title='bbox 622 1348 776 1430; x_wconf 80' lang='lat' dir='ltr'><strong>proiecto</strong></span> <span class='ocrx_word' id='word_1_25' title='bbox 790 1348 865 1417; x_wconf 86' lang='lat' dir='ltr'><strong>laus</strong></span> <span class='ocrx_word' id='word_1_26' title='bbox 880 1349 963 1429; x_wconf 91' lang='lat' dir='ltr'><strong>est,&#39;&#39;</strong></span> <span class='ocrx_word' id='word_1_27' title='bbox 978 1349 1142 1420; x_wconf 84' lang='lat' dir='ltr'><strong>subnecto</strong></span> <span class='ocrx_word' id='word_1_28' title='bbox 1157 1371 1231 1432; x_wconf 81' lang='lat' dir='ltr'><strong>ego.</strong></span> <span class='ocrx_word' id='word_1_29' title='bbox 1265 1348 1348 1418; x_wconf 89' lang='lat' dir='ltr'><strong>“His</strong></span> <span class='ocrx_word' id='word_1_30' title='bbox 1373 1357 1423 1418; x_wconf 88' lang='lat' dir='ltr'><strong>ta-</strong></span> 
     </span>
     <span class='ocr_line' id='line_1_6' title="bbox 419 1445 1421 1530; baseline 0.002 -14"><span class='ocrx_word' id='word_1_31' title='bbox 419 1468 498 1516; x_wconf 89' lang='lat' dir='ltr'><strong>men</strong></span> <span class='ocrx_word' id='word_1_32' title='bbox 513 1445 722 1530; x_wconf 84' lang='lat' dir='ltr'><strong>temporibus</strong></span> <span class='ocrx_word' id='word_1_33' title='bbox 742 1446 810 1516; x_wconf 90' lang='lat' dir='ltr'><strong>iam</strong></span> <span class='ocrx_word' id='word_1_34' title='bbox 827 1455 952 1518; x_wconf 90' lang='lat' dir='ltr'><strong>cuncta</strong></span> <span class='ocrx_word' id='word_1_35' title='bbox 974 1455 1137 1518; x_wconf 82' lang='lat' dir='ltr'><strong>evertrmt</strong></span> <span class='ocrx_word' id='word_1_36' title='bbox 1151 1455 1187 1519; x_wconf 92' lang='lat' dir='ltr'><strong>et</strong></span> <span class='ocrx_word' id='word_1_37' title='bbox 1201 1449 1421 1519; x_wconf 86' lang='lat' dir='ltr'><strong>eviscerant.&#39;’</strong></span> 
     </span>
    </p>
   </div>
   <div class='ocr_carea' id='block_1_5' title="bbox 414 1561 1422 3862">
    <p class='ocr_par' dir='ltr' id='par_1_5' title="bbox 418 1561 1422 1747">
     <span class='ocr_line' id='line_1_7' title="bbox 503 1561 1422 1648; baseline 0.002 -16"><span class='ocrx_word' id='word_1_38' title='bbox 503 1561 680 1634; x_wconf 83' lang='lat' dir='ltr'><strong>“Fortasse</strong></span> <span class='ocrx_word' id='word_1_39' title='bbox 695 1563 817 1634; x_wconf 90' lang='lat' dir='ltr'><strong>indicio</strong></span> <span class='ocrx_word' id='word_1_40' title='bbox 831 1564 907 1647; x_wconf 88' lang='lat' dir='ltr'><strong>acti,</strong></span> <span class='ocrx_word' id='word_1_41' title='bbox 923 1571 962 1634; x_wconf 91' lang='lat' dir='ltr'><strong>ut</strong></span> <span class='ocrx_word' id='word_1_42' title='bbox 976 1565 1135 1648; x_wconf 90' lang='lat' dir='ltr'><strong>suspicor.</strong></span> <span class='ocrx_word' id='word_1_43' title='bbox 1153 1566 1248 1635; x_wconf 90' lang='lat' dir='ltr'><strong>Intra</strong></span> <span class='ocrx_word' id='word_1_44' title='bbox 1258 1565 1287 1634; x_wconf 86' lang='lat' dir='ltr'><strong>l&#39;&#39;</strong></span> <span class='ocrx_word' id='word_1_45' title='bbox 1309 1564 1422 1648; x_wconf 89' lang='lat' dir='ltr'><strong>pulsui</strong></span> 
     </span>
     <span class='ocr_line' id='line_1_8' title="bbox 418 1663 837 1747; baseline 0.002 -15"><span class='ocrx_word' id='word_1_46' title='bbox 418 1663 454 1732; x_wconf 91' lang='lat' dir='ltr'><strong>in</strong></span> <span class='ocrx_word' id='word_1_47' title='bbox 469 1664 601 1734; x_wconf 84' lang='lat' dir='ltr'><strong>foribus</strong></span> <span class='ocrx_word' id='word_1_48' title='bbox 621 1663 837 1747; x_wconf 87' lang='lat' dir='ltr'><strong>respondens.</strong></span> 
     </span>
    </p>

    <p class='ocr_par' dir='ltr' id='par_1_6' title="bbox 502 1763 1310 1848">
     <span class='ocr_line' id='line_1_9' title="bbox 502 1763 1310 1848; baseline 0.001 -15"><span class='ocrx_word' id='word_1_49' title='bbox 502 1763 646 1834; x_wconf 82' lang='lat' dir='ltr'><strong>Foribus</strong></span> <span class='ocrx_word' id='word_1_50' title='bbox 660 1765 796 1847; x_wconf 89' lang='lat' dir='ltr'><strong>apertis,</strong></span> <span class='ocrx_word' id='word_1_51' title='bbox 811 1764 1017 1848; x_wconf 85' lang='lat' dir='ltr'><strong>pedisequus</strong></span> <span class='ocrx_word' id='word_1_52' title='bbox 1031 1765 1179 1835; x_wconf 89' lang='lat' dir='ltr'><strong>Vantine</strong></span> <span class='ocrx_word' id='word_1_53' title='bbox 1195 1766 1310 1835; x_wconf 90' lang='lat' dir='ltr'><strong>intrat.</strong></span> 
     </span>
    </p>

    <p class='ocr_par' dir='ltr' id='par_1_7' title="bbox 417 1861 1422 2048">
     <span class='ocr_line' id='line_1_10' title="bbox 501 1861 1422 1949; baseline 0.003 -17"><span class='ocrx_word' id='word_1_54' title='bbox 501 1861 592 1946; x_wconf 87' lang='lat' dir='ltr'><strong>“Vir,</strong></span> <span class='ocrx_word' id='word_1_55' title='bbox 607 1863 654 1933; x_wconf 95' lang='lat' dir='ltr'><strong>mi</strong></span> <span class='ocrx_word' id='word_1_56' title='bbox 666 1864 768 1946; x_wconf 87' lang='lat' dir='ltr'><strong>llere,</strong></span> <span class='ocrx_word' id='word_1_57' title='bbox 783 1871 818 1933; x_wconf 89' lang='lat' dir='ltr'><strong>te</strong></span> <span class='ocrx_word' id='word_1_58' title='bbox 832 1864 1015 1935; x_wconf 88' lang='lat' dir='ltr'><strong>convenire</strong></span> <span class='ocrx_word' id='word_1_59' title='bbox 1030 1865 1155 1949; x_wconf 89' lang='lat' dir='ltr'><strong>cupit,”</strong></span> <span class='ocrx_word' id='word_1_60' title='bbox 1167 1864 1215 1934; x_wconf 90' lang='lat' dir='ltr'><strong>ait</strong></span> <span class='ocrx_word' id='word_1_61' title='bbox 1229 1865 1294 1947; x_wconf 88' lang='lat' dir='ltr'><strong>ille,</strong></span> <span class='ocrx_word' id='word_1_62' title='bbox 1309 1867 1422 1949; x_wconf 65' lang='lat' dir='ltr'><strong>parel-</strong></span> 
     </span>
     <span class='ocr_line' id='line_1_11' title="bbox 417 1962 1149 2048; baseline 0.003 -16"><span class='ocrx_word' id='word_1_63' title='bbox 417 1963 553 2046; x_wconf 88' lang='lat' dir='ltr'><strong>lamque</strong></span> <span class='ocrx_word' id='word_1_64' title='bbox 568 1962 878 2034; x_wconf 88' lang='lat' dir='ltr'><strong>nomenclatoriaml</strong></span> <span class='ocrx_word' id='word_1_65' title='bbox 899 1964 982 2034; x_wconf 93' lang='lat' dir='ltr'><strong>hero</strong></span> <span class='ocrx_word' id='word_1_66' title='bbox 997 1965 1149 2048; x_wconf 78' lang='lat' dir='ltr'><strong>porrigit.</strong></span> 
     </span>
    </p>

    <p class='ocr_par' dir='ltr' id='par_1_8' title="bbox 501 2063 1182 2147">
     <span class='ocr_line' id='line_1_12' title="bbox 501 2063 1182 2147; baseline 0.004 -15"><span class='ocrx_word' id='word_1_67' title='bbox 501 2063 648 2133; x_wconf 89' lang='lat' dir='ltr'><strong>Vantine</strong></span> <span class='ocrx_word' id='word_1_68' title='bbox 663 2065 831 2147; x_wconf 77' lang='lat' dir='ltr'><strong>pagellam</strong></span> <span class='ocrx_word' id='word_1_69' title='bbox 844 2064 974 2134; x_wconf 91' lang='lat' dir='ltr'><strong>iucurie</strong></span> <span class='ocrx_word' id='word_1_70' title='bbox 990 2072 1182 2135; x_wconf 87' lang='lat' dir='ltr'><strong>contuetur.</strong></span> 
     </span>
    </p>

    <p class='ocr_par' dir='ltr' id='par_1_9' title="bbox 501 2162 1394 2249">
     <span class='ocr_line' id='line_1_13' title="bbox 501 2162 1394 2249; baseline 0.006 -17"><span class='ocrx_word' id='word_1_71' title='bbox 501 2162 556 2233; x_wconf 88' lang='lat' dir='ltr'><strong>“N</strong></span> <span class='ocrx_word' id='word_1_72' title='bbox 557 2185 601 2233; x_wconf 92' lang='lat' dir='ltr'><strong>on</strong></span> <span class='ocrx_word' id='word_1_73' title='bbox 614 2163 695 2233; x_wconf 90' lang='lat' dir='ltr'><strong>novi</strong></span> <span class='ocrx_word' id='word_1_74' title='bbox 710 2163 821 2247; x_wconf 87' lang='lat' dir='ltr'><strong>eum,”</strong></span> <span class='ocrx_word' id='word_1_75' title='bbox 836 2163 958 2248; x_wconf 88' lang='lat' dir='ltr'><strong>inquit,</strong></span> <span class='ocrx_word' id='word_1_76' title='bbox 975 2162 1100 2235; x_wconf 89' lang='lat' dir='ltr'><strong>“miror</strong></span> <span class='ocrx_word' id='word_1_77' title='bbox 1114 2165 1196 2249; x_wconf 87' lang='lat' dir='ltr'><strong>quid</strong></span> <span class='ocrx_word' id='word_1_78' title='bbox 1211 2166 1265 2235; x_wconf 92' lang='lat' dir='ltr'><strong>ille</strong></span> <span class='ocrx_word' id='word_1_79' title='bbox 1281 2167 1394 2237; x_wconf 90' lang='lat' dir='ltr'><strong>velit.”</strong></span> 
     </span>
    </p>

    <p class='ocr_par' dir='ltr' id='par_1_10' title="bbox 417 2278 1421 2464">
     <span class='ocr_line' id='line_1_14' title="bbox 502 2278 1421 2367; baseline 0.004 -17"><span class='ocrx_word' id='word_1_80' title='bbox 502 2278 711 2351; x_wconf 85' lang='lat' dir='ltr'><strong>“Convenire</strong></span> <span class='ocrx_word' id='word_1_81' title='bbox 726 2287 761 2349; x_wconf 86' lang='lat' dir='ltr'><strong>te</strong></span> <span class='ocrx_word' id='word_1_82' title='bbox 775 2281 861 2364; x_wconf 86' lang='lat' dir='ltr'><strong>vult,</strong></span> <span class='ocrx_word' id='word_1_83' title='bbox 887 2282 933 2350; x_wconf 92' lang='lat' dir='ltr'><strong>mi</strong></span> <span class='ocrx_word' id='word_1_84' title='bbox 949 2281 1049 2363; x_wconf 88' lang='lat' dir='ltr'><strong>Here,</strong></span> <span class='ocrx_word' id='word_1_85' title='bbox 1065 2289 1100 2352; x_wconf 91' lang='lat' dir='ltr'><strong>et</strong></span> <span class='ocrx_word' id='word_1_86' title='bbox 1116 2283 1299 2352; x_wconf 88' lang='lat' dir='ltr'><strong>admodum</strong></span> <span class='ocrx_word' id='word_1_87' title='bbox 1326 2285 1421 2367; x_wconf 88' lang='lat' dir='ltr'><strong>quid·</strong></span> 
     </span>
     <span class='ocr_line' id='line_1_15' title="bbox 417 2379 700 2464; baseline 0 -14"><span class='ocrx_word' id='word_1_88' title='bbox 417 2401 482 2461; x_wconf 87' lang='lat' dir='ltr'><strong>em,</strong></span> <span class='ocrx_word' id='word_1_89' title='bbox 505 2387 547 2450; x_wconf 90' lang='lat' dir='ltr'><strong>ut</strong></span> <span class='ocrx_word' id='word_1_90' title='bbox 571 2379 700 2464; x_wconf 87' lang='lat' dir='ltr'><strong>paret.”</strong></span> 
     </span>
    </p>

    <p class='ocr_par' dir='ltr' id='par_1_11' title="bbox 501 2477 907 2563">
     <span class='ocr_line' id='line_1_16' title="bbox 501 2477 907 2563; baseline 0 -13"><span class='ocrx_word' id='word_1_91' title='bbox 501 2477 713 2563; x_wconf 86' lang='lat' dir='ltr'><strong>“Quanmam</strong></span> <span class='ocrx_word' id='word_1_92' title='bbox 730 2480 774 2550; x_wconf 95' lang='lat' dir='ltr'><strong>ob</strong></span> <span class='ocrx_word' id='word_1_93' title='bbox 788 2502 861 2550; x_wconf 90' lang='lat' dir='ltr'><strong>rem</strong></span> <span class='ocrx_word' id='word_1_94' title='bbox 870 2481 907 2550; x_wconf 81' lang='lat'><strong>?&#39;’</strong></span> 
     </span>
    </p>

    <p class='ocr_par' dir='ltr' id='par_1_12' title="bbox 416 2579 1420 2764">
     <span class='ocr_line' id='line_1_17' title="bbox 501 2579 1420 2668; baseline 0.004 -19"><span class='ocrx_word' id='word_1_95' title='bbox 501 2579 689 2664; x_wconf 83' lang='lat' dir='ltr'><strong>“Eouidem</strong></span> <span class='ocrx_word' id='word_1_96' title='bbox 718 2581 894 2662; x_wconf 87' lang='lat' dir='ltr'><strong>rationem,</strong></span> <span class='ocrx_word' id='word_1_97' title='bbox 920 2582 967 2650; x_wconf 91' lang='lat' dir='ltr'><strong>mi</strong></span> <span class='ocrx_word' id='word_1_98' title='bbox 992 2581 1093 2663; x_wconf 88' lang='lat' dir='ltr'><strong>Here,</strong></span> <span class='ocrx_word' id='word_1_99' title='bbox 1124 2583 1243 2652; x_wconf 89' lang='lat' dir='ltr'><strong>elicere</strong></span> <span class='ocrx_word' id='word_1_100' title='bbox 1272 2585 1420 2668; x_wconf 88' lang='lat' dir='ltr'><strong>nequivi,</strong></span> 
     </span>
     <span class='ocr_line' id='line_1_18' title="bbox 416 2680 903 2764; baseline 0.002 -15"><span class='ocrx_word' id='word_1_101' title='bbox 416 2681 476 2750; x_wconf 91' lang='lat' dir='ltr'><strong>sed</strong></span> <span class='ocrx_word' id='word_1_102' title='bbox 491 2700 564 2750; x_wconf 91' lang='lat' dir='ltr'><strong>rem</strong></span> <span class='ocrx_word' id='word_1_103' title='bbox 579 2702 703 2764; x_wconf 81' lang='lat' dir='ltr'><strong>urgere</strong></span> <span class='ocrx_word' id='word_1_104' title='bbox 718 2680 903 2750; x_wconf 82' lang='lat' dir='ltr'><strong>existimo.’&#39;</strong></span> 
     </span>
    </p>

    <p class='ocr_par' dir='ltr' id='par_1_13' title="bbox 417 2779 1421 2951">
     <span class='ocr_line' id='line_1_19' title="bbox 501 2779 1421 2864; baseline 0.005 -15"><span class='ocrx_word' id='word_1_105' title='bbox 501 2779 677 2864; x_wconf 86' lang='lat' dir='ltr'><strong>“Nequisti</strong></span> <span class='ocrx_word' id='word_1_106' title='bbox 713 2780 857 2851; x_wconf 77' lang='lat' dir='ltr'><strong>elicere?</strong></span> <span class='ocrx_word' id='word_1_107' title='bbox 879 2781 1045 2864; x_wconf 85' lang='lat' dir='ltr'><strong>Quonam,</strong></span> <span class='ocrx_word' id='word_1_108' title='bbox 1084 2783 1201 2864; x_wconf 84' lang='lat' dir='ltr'><strong>Parks‚</strong></span> <span class='ocrx_word' id='word_1_109' title='bbox 1238 2783 1311 2853; x_wconf 86' lang='lat' dir='ltr'><strong>haec</strong></span> <span class='ocrx_word' id='word_1_110' title='bbox 1348 2793 1421 2854; x_wconf 89' lang='lat' dir='ltr'><strong>ten·</strong></span> 
     </span>
     <span class='ocr_line' id='line_1_20' title="bbox 417 2879 550 2951; baseline -0.008 0"><span class='ocrx_word' id='word_1_111' title='bbox 417 2880 505 2951; x_wconf 92' lang='lat' dir='ltr'><strong>dunt</strong></span> <span class='ocrx_word' id='word_1_112' title='bbox 513 2879 550 2950; x_wconf 79' lang='lat' dir='ltr'><strong>l’&#39;</strong></span> 
     </span>
    </p>

    <p class='ocr_par' dir='ltr' id='par_1_14' title="bbox 414 2977 1422 3563">
     <span class='ocr_line' id='line_1_21' title="bbox 500 2977 1421 3066; baseline 0.008 -19"><span class='ocrx_word' id='word_1_113' title='bbox 500 2977 701 3049; x_wconf 87' lang='lat' dir='ltr'><strong>“Hominem</strong></span> <span class='ocrx_word' id='word_1_114' title='bbox 715 3001 795 3050; x_wconf 90' lang='lat' dir='ltr'><strong>eum</strong></span> <span class='ocrx_word' id='word_1_115' title='bbox 817 2981 845 3050; x_wconf 92' lang='lat' dir='ltr'>F</span> <span class='ocrx_word' id='word_1_116' title='bbox 845 3003 987 3051; x_wconf 89' lang='lat' dir='ltr'><strong>rancum</strong></span> <span class='ocrx_word' id='word_1_117' title='bbox 1010 3003 1083 3052; x_wconf 91' lang='lat' dir='ltr'><strong>esse</strong></span> <span class='ocrx_word' id='word_1_118' title='bbox 1104 3004 1234 3066; x_wconf 90' lang='lat' dir='ltr'><strong>censeo,</strong></span> <span class='ocrx_word' id='word_1_119' title='bbox 1258 2985 1317 3054; x_wconf 87' lang='lat' dir='ltr'><strong>sed</strong></span> <span class='ocrx_word' id='word_1_120' title='bbox 1338 2991 1421 3054; x_wconf 89' lang='lat' dir='ltr'><strong>utut</strong></span> 
     </span>
     <span class='ocr_line' id='line_1_22' title="bbox 415 3079 1420 3164; baseline 0.003 -15"><span class='ocrx_word' id='word_1_121' title='bbox 415 3101 471 3149; x_wconf 86' lang='lat' dir='ltr'><strong>res</strong></span> <span class='ocrx_word' id='word_1_122' title='bbox 484 3079 537 3161; x_wconf 89' lang='lat' dir='ltr'><strong>sit,</strong></span> <span class='ocrx_word' id='word_1_123' title='bbox 553 3079 694 3162; x_wconf 80' lang='lat' dir='ltr'><strong>Anglice</strong></span> <span class='ocrx_word' id='word_1_124' title='bbox 708 3101 776 3149; x_wconf 91' lang='lat' dir='ltr'><strong>non</strong></span> <span class='ocrx_word' id='word_1_125' title='bbox 790 3079 873 3150; x_wconf 90' lang='lat' dir='ltr'><strong>satis</strong></span> <span class='ocrx_word' id='word_1_126' title='bbox 887 3082 994 3151; x_wconf 89' lang='lat' dir='ltr'><strong>callet.</strong></span> <span class='ocrx_word' id='word_1_127' title='bbox 1003 3083 1154 3164; x_wconf 85' lang='lat' dir='ltr'><strong>Aspectu</strong></span> <span class='ocrx_word' id='word_1_128' title='bbox 1169 3081 1260 3152; x_wconf 91' lang='lat' dir='ltr'><strong>haud</strong></span> <span class='ocrx_word' id='word_1_129' title='bbox 1272 3085 1420 3154; x_wconf 88' lang='lat' dir='ltr'><strong>multum</strong></span> 
     </span>
     <span class='ocr_line' id='line_1_23' title="bbox 416 3179 1420 3262; baseline 0.005 -14"><span class='ocrx_word' id='word_1_130' title='bbox 416 3179 539 3262; x_wconf 89' lang='lat' dir='ltr'><strong>prodit,</strong></span> <span class='ocrx_word' id='word_1_131' title='bbox 553 3179 600 3248; x_wconf 93' lang='lat' dir='ltr'><strong>mi</strong></span> <span class='ocrx_word' id='word_1_132' title='bbox 615 3179 705 3249; x_wconf 88' lang='lat' dir='ltr'><strong>Here</strong></span> <span class='ocrx_word' id='word_1_133' title='bbox 720 3215 760 3225; x_wconf 91' lang='lat'>-</span> <span class='ocrx_word' id='word_1_134' title='bbox 775 3186 936 3250; x_wconf 89' lang='lat' dir='ltr'><strong>centenos</strong></span> <span class='ocrx_word' id='word_1_135' title='bbox 950 3181 1024 3252; x_wconf 90' lang='lat' dir='ltr'><strong>eius</strong></span> <span class='ocrx_word' id='word_1_136' title='bbox 1038 3181 1162 3251; x_wconf 90' lang='lat' dir='ltr'><strong>similes</strong></span> <span class='ocrx_word' id='word_1_137' title='bbox 1176 3182 1326 3252; x_wconf 88' lang='lat' dir='ltr'><strong>Lutetiae</strong></span> <span class='ocrx_word' id='word_1_138' title='bbox 1340 3191 1420 3254; x_wconf 89' lang='lat' dir='ltr'><strong>ante</strong></span> 
     </span>
     <span class='ocr_line' id='line_1_24' title="bbox 414 3279 1422 3366; baseline 0.006 -19"><span class='ocrx_word' id='word_1_139' title='bbox 414 3279 585 3348; x_wconf 83' lang='lat' dir='ltr'><strong>caffarias²</strong></span> <span class='ocrx_word' id='word_1_140' title='bbox 598 3279 882 3350; x_wconf 88' lang='lat' dir='ltr'><strong>circumsedentes</strong></span> <span class='ocrx_word' id='word_1_141' title='bbox 895 3302 958 3363; x_wconf 89' lang='lat' dir='ltr'><strong>per</strong></span> <span class='ocrx_word' id='word_1_142' title='bbox 974 3282 1165 3364; x_wconf 89' lang='lat' dir='ltr'><strong>platearum</strong></span> <span class='ocrx_word' id='word_1_143' title='bbox 1189 3282 1422 3366; x_wconf 79' lang='lat' dir='ltr'><strong>longitudines</strong></span> 
     </span>
     <span class='ocr_line' id='line_1_25' title="bbox 415 3377 1418 3465; baseline 0.005 -17"><span class='ocrx_word' id='word_1_144' title='bbox 415 3378 532 3449; x_wconf 89' lang='lat' dir='ltr'><strong>videre</strong></span> <span class='ocrx_word' id='word_1_145' title='bbox 547 3377 704 3461; x_wconf 89' lang='lat' dir='ltr'><strong>solebam,</strong></span> <span class='ocrx_word' id='word_1_146' title='bbox 719 3379 763 3449; x_wconf 88' lang='lat' dir='ltr'><strong>ad</strong></span> <span class='ocrx_word' id='word_1_147' title='bbox 773 3379 1001 3451; x_wconf 90' lang='lat' dir='ltr'><strong>hauriendum</strong></span> <span class='ocrx_word' id='word_1_148' title='bbox 1015 3381 1177 3465; x_wconf 89' lang='lat' dir='ltr'><strong>cyathum</strong></span> <span class='ocrx_word' id='word_1_149' title='bbox 1193 3383 1292 3452; x_wconf 85' lang='lat' dir='ltr'><strong>cami³</strong></span> <span class='ocrx_word' id='word_1_150' title='bbox 1307 3391 1418 3453; x_wconf 90' lang='lat' dir='ltr'><strong>totum</strong></span> 
     </span>
     <span class='ocr_line' id='line_1_26' title="bbox 415 3479 1163 3563; baseline 0.004 -15"><span class='ocrx_word' id='word_1_151' title='bbox 415 3479 627 3550; x_wconf 89' lang='lat' dir='ltr'><strong>insumentes</strong></span> <span class='ocrx_word' id='word_1_152' title='bbox 641 3486 778 3563; x_wconf 89' lang='lat' dir='ltr'><strong>tempus</strong></span> <span class='ocrx_word' id='word_1_153' title='bbox 793 3479 1072 3563; x_wconf 90' lang='lat' dir='ltr'><strong>pomeridianum.</strong></span> <span class='ocrx_word' id='word_1_154' title='bbox 1079 3483 1098 3510; x_wconf 88' lang='lat'><strong>’&#39;</strong></span> <span class='ocrx_word' id='word_1_155' title='bbox 1159 3488 1163 3492; x_wconf 82' lang='grc'><strong>’</strong></span> 
     </span>
    </p>

    <p class='ocr_par' dir='ltr' id='par_1_15' title="bbox 415 3578 1419 3862">
     <span class='ocr_line' id='line_1_27' title="bbox 499 3578 1419 3666; baseline 0.004 -18"><span class='ocrx_word' id='word_1_156' title='bbox 499 3578 635 3662; x_wconf 85' lang='lat' dir='ltr'><strong>Aliquid</strong></span> <span class='ocrx_word' id='word_1_157' title='bbox 657 3579 693 3648; x_wconf 91' lang='lat' dir='ltr'><strong>in</strong></span> <span class='ocrx_word' id='word_1_158' title='bbox 713 3586 863 3649; x_wconf 90' lang='lat' dir='ltr'><strong>mentem</strong></span> <span class='ocrx_word' id='word_1_159' title='bbox 878 3579 1026 3650; x_wconf 89' lang='lat' dir='ltr'><strong>Vantine</strong></span> <span class='ocrx_word' id='word_1_160' title='bbox 1049 3580 1205 3651; x_wconf 89' lang='lat' dir='ltr'><strong>incidisse</strong></span> <span class='ocrx_word' id='word_1_161' title='bbox 1227 3581 1419 3666; x_wconf 89' lang='lat' dir='ltr'><strong>videbatur,</strong></span> 
     </span>
     <span class='ocr_line' id='line_1_28' title="bbox 415 3677 1419 3769; baseline 0.004 -22"><span class='ocrx_word' id='word_1_162' title='bbox 415 3677 609 3761; x_wconf 88' lang='lat' dir='ltr'><strong>iterumque</strong></span> <span class='ocrx_word' id='word_1_163' title='bbox 629 3678 785 3749; x_wconf 88' lang='lat' dir='ltr'><strong>intuetur</strong></span> <span class='ocrx_word' id='word_1_164' title='bbox 806 3681 983 3762; x_wconf 82' lang='lat' dir='ltr'><strong>pagellam.</strong></span> <span class='ocrx_word' id='word_1_165' title='bbox 999 3681 1088 3750; x_wconf 92' lang='lat' dir='ltr'><strong>Tum</strong></span> <span class='ocrx_word' id='word_1_166' title='bbox 1105 3681 1370 3769; x_wconf 86' lang='lat' dir='ltr'><strong>meditabundus</strong></span> <span class='ocrx_word' id='word_1_167' title='bbox 1384 3682 1419 3752; x_wconf 95' lang='lat' dir='ltr'><strong>in</strong></span> 
     </span>
     <span class='ocr_line' id='line_1_29' title="bbox 415 3778 751 3862; baseline -0.006 -15"><span class='ocrx_word' id='word_1_168' title='bbox 415 3799 569 3847; x_wconf 90' lang='lat' dir='ltr'><strong>mensam</strong></span> <span class='ocrx_word' id='word_1_169' title='bbox 584 3778 751 3862; x_wconf 86' lang='lat' dir='ltr'><strong>deposuit.</strong></span> 
     </span>
    </p>
   </div>
   <div class='ocr_carea' id='block_1_6' title="bbox 515 3978 1324 4211">
    <p class='ocr_par' dir='ltr' id='par_1_16' title="bbox 515 3978 1324 4211">
     <span class='ocr_line' id='line_1_30' title="bbox 517 3978 1303 4047; baseline 0.005 -17"><span class='ocrx_word' id='word_1_170' title='bbox 517 3980 540 4031; x_wconf 93' lang='lat'><strong>1.</strong></span> <span class='ocrx_word' id='word_1_171' title='bbox 558 3978 718 4031; x_wconf 85' lang='lat' dir='ltr'><strong>chartulam</strong></span> <span class='ocrx_word' id='word_1_172' title='bbox 731 3979 901 4047; x_wconf 69' lang='lat' dir='ltr'><strong>quamatam,</strong></span> <span class='ocrx_word' id='word_1_173' title='bbox 916 3996 1016 4033; x_wconf 90' lang='lat' dir='ltr'><strong>nomen</strong></span> <span class='ocrx_word' id='word_1_174' title='bbox 1029 3981 1144 4034; x_wconf 74' lang='lat' dir='ltr'><strong>advenae</strong></span> <span class='ocrx_word' id='word_1_175' title='bbox 1157 3983 1303 4034; x_wconf 78' lang='lat' dir='ltr'><strong>terentem.</strong></span> 
     </span>
     <span class='ocr_line' id='line_1_31' title="bbox 515 4061 1324 4129; baseline 0.005 -15"><span class='ocrx_word' id='word_1_176' title='bbox 515 4065 540 4114; x_wconf 84' lang='lat'><strong>2.</strong></span> <span class='ocrx_word' id='word_1_177' title='bbox 555 4061 704 4124; x_wconf 80' lang='lat' dir='ltr'><strong>Tabernas,</strong></span> <span class='ocrx_word' id='word_1_178' title='bbox 718 4063 767 4116; x_wconf 86' lang='lat' dir='ltr'><strong>ubi</strong></span> <span class='ocrx_word' id='word_1_179' title='bbox 779 4061 865 4129; x_wconf 58' lang='grc' dir='ltr'><em>σασα,</em></span> <span class='ocrx_word' id='word_1_180' title='bbox 886 4063 1020 4117; x_wconf 83' lang='lat' dir='ltr'><strong>Arabibus</strong></span> <span class='ocrx_word' id='word_1_181' title='bbox 1033 4061 1136 4127; x_wconf 79' lang='lat' dir='ltr'><strong>cabaa,</strong></span> <span class='ocrx_word' id='word_1_182' title='bbox 1158 4065 1324 4118; x_wconf 83' lang='lat' dir='ltr'><strong>sorbillatur.</strong></span> 
     </span>
     <span class='ocr_line' id='line_1_32' title="bbox 517 4144 826 4211; baseline -0.003 -13"><span class='ocrx_word' id='word_1_183' title='bbox 517 4147 543 4198; x_wconf 82' lang='lat'><strong>³.</strong></span> <span class='ocrx_word' id='word_1_184' title='bbox 561 4144 650 4211; x_wconf 81' lang='lat' dir='ltr'><strong>Vulgo</strong></span> <span class='ocrx_word' id='word_1_185' title='bbox 668 4144 826 4198; x_wconf 68' lang='lat' dir='ltr'><strong>cerevisia.</strong></span> 
     </span>
    </p>
   </div>
   <div class='ocr_carea' id='block_1_7' title="bbox 0 0 1756 5158">
    <p class='ocr_par' dir='ltr' id='par_1_17' title="bbox 0 0 1756 5158">
     <span class='ocr_line' id='line_1_33' title="bbox 0 0 1756 5158; baseline 0 2"><span class='ocrx_word' id='word_1_186' title='bbox 0 0 1756 5158; x_wconf 95' lang='lat' dir='ltr'><strong> </strong></span> 
     </span>
    </p>
   </div>
  </div>
 </body>
</html>
