3536 5156
618 881 1091 936 reomanensmnnmun
1294 864 1355 935 193

436 1048 533 1130 “Quo
549 1056 702 1132 tempore
717 1072 792 1120 cras
807 1073 886 1119 eum
901 1055 1078 1132 exspectas
1089 1050 1131 1112 ?'’

437 1149 648 1231 “Aliquando
678 1150 938 1232 postmeridiem.
969 1148 1074 1219 Simul
1104 1155 1208 1234 atque
1237 1170 1352 1218 arcam

352 1249 500 1319 Vantine
523 1272 545 1318 a
566 1249 646 1318 navi
669 1250 854 1332 devexerit,
878 1249 1047 1319 adveniet.
1070 1250 1161 1330 Heri,
1187 1248 1233 1316 mi
1268 1248 1355 1318 God-

356 1349 463 1431 frey,”
479 1349 648 1430 subiunxi,
664 1349 762 1420 “cum
777 1372 817 1418 eo
831 1351 1016 1420 collocutus
1030 1350 1192 1432 suspicari
1213 1349 1301 1431 coepi
1323 1348 1354 1417 ei

349 1451 425 1532 plus
434 1449 475 1518 de
484 1449 536 1518 his
546 1451 647 1519 rebus
656 1451 830 1533 cognitum
845 1472 918 1520 esse
933 1471 1037 1532 quarn
1047 1449 1225 1519 enuntiare
1233 1450 1348 1518 vellet.

354 1550 450 1619 Clare
465 1551 636 1632 percipere
651 1560 804 1633 poteram
819 1572 899 1619 curn
913 1551 986 1632 ipso
1000 1557 1172 1619 momento
1186 1550 1355 1620 divinasse

352 1651 450 1718 cuius
465 1650 530 1719 illae
545 1651 667 1720 litterae
682 1659 804 1733 essent,
821 1651 963 1734 quisque
986 1672 1105 1720 earum
1131 1658 1229 1720 tenor
1253 1656 1353 1720 esset.

357 1750 567 1832 Expedirene
582 1758 684 1833 putas
699 1760 739 1821 ut
753 1773 866 1820 arcam
883 1751 994 1834 paullo
1010 1751 1144 1833 longius
1159 1750 1354 1819 detineam?

355 1850 409 1918 Ad
424 1850 458 1919 id
474 1851 669 1920 faciendum
684 1852 868 1935 quamdam
883 1873 1021 1920 causam
1036 1850 1135 1920 facile
1150 1850 1356 1920 comminisci

358 1951 522 2033 possem.'’

439 2066 549 2146 “Quid
565 2068 712 2136 attinet?
727 2067 875 2138 Auferat
889 2090 1002 2138 arcam
1029 2067 1157 2150 suam,”
1172 2067 1353 2148 respondet

355 2166 507 2250 Godfrey
532 2168 706 2236 alacritate
730 2168 879 2250 quadam
905 2168 987 2236 mihi
1014 2167 1151 2250 quidem
1176 2167 1271 2236 mira.
1301 2165 1356 2237 “Si

354 2273 415 2334 tua
430 2267 472 2335 de
487 2267 605 2336 eadem
622 2269 791 2337 sententia
805 2269 873 2336 iam
887 2275 939 2337 est
954 2270 1102 2351 explosa,
1126 2268 1207 2350 quid
1230 2267 1353 2336 attinet

355 2366 385 2434 ei
400 2367 544 2435 ulterius
560 2367 745 2437 haerescere
754 2367 790 2436 ?'’

441 2481 535 2552 “Nec
550 2506 615 2566 ego
630 2484 664 2552 id
679 2484 837 2566 expedire
852 2485 967 2567 put0,'’
979 2483 1157 2566 affirmavi,
1170 2481 1255 2553 “nisi
1265 2483 1357 2567 quod

358 2591 393 2653 te
408 2605 483 2652 eam
500 2584 646 2667 amplius
660 2586 833 2667 explorare
849 2586 936 2653 velle
951 2584 1216 2653 existimabam.”

444 2698 536 2769 “lam
554 2723 595 2770 ex
611 2703 780 2771 sententia
795 2723 870 2771 eam
886 2702 1030 2771 rimatus
1051 2703 1160 2784 sum,'’
1184 2702 1358 2785 respondit

359 2800 520 2883 Godfrey,
546 2801 637 2870 unde
663 2823 798 2870 mecum
813 2810 973 2884 reputare
986 2801 1072 2884 coepi
1093 2823 1186 2871 nunc
1209 2801 1358 2885 primurn

360 2922 396 2969 se
411 2900 542 2969 victum
556 2902 751 2970 contessum
767 2923 849 2970 esse.

442 3015 588 3087 “Sensus
603 3017 741 3100 quidam
754 3017 895 3088 intimus
910 3018 991 3087 mihi
1018 3017 1162 3088 suadere
1186 3017 1357 3100 videtur,”

359 3118 487 3200 explico
501 3118 557 3199 illi,
574 3117 734 3187 “unicum
748 3140 810 3187 nos
825 3119 990 3188 Ariadnes
1004 3119 1110 3201 filum,
1136 3118 1228 3201 quod
1243 3140 1286 3188 ex
1304 3118 1358 3188 his

359 3217 561 3300 ambagibus
574 3239 637 3287 nos
651 3218 794 3287 educere
809 3227 932 3302 posset,
944 3223 1022 3288 arca
1036 3219 1161 3289 tradita
1170 3219 1353 3289 dedituros.

358 3318 408 3387 Eo
423 3325 575 3387 nostram
590 3317 720 3388 cladem
733 3319 979 3401 agnoscimus?

444 3434 602 3504 “Minime
617 3436 805 3518 gentium,”
831 3436 1024 3506 obtestatur
1047 3437 1208 3520 Godfrey.
1241 3436 1296 3508 “Si
1317 3437 1360 3507 de

359 3556 437 3604 arca
453 3536 534 3604 nihil
551 3536 696 3619 amplius
710 3543 866 3619 superest
879 3537 971 3619 quod
993 3537 1218 3621 exploremus,
1232 3538 1287 3608 cui
1301 3537 1359 3608 bo·

359 3658 403 3704 no
419 3634 666 3705 detinebimus?
681 3636 814 3705 Habeat
835 3636 939 3706 herus
962 3637 1114 3706 Annand
1143 3637 1236 3719 quod
1257 3659 1360 3708 suum

356 3742 418 3804 est.
452 3737 609 3805 Fortasse
633 3757 708 3804 cras
734 3744 768 3805 te
794 3737 1025 3818 conveniam,''
1050 3737 1235 3821 subiunxit,
1266 3744 1302 3807 et
1323 3739 1359 3806 in

356 3857 462 3905 cornu
479 3835 631 3918 proximo
646 3836 733 3904 alter
747 3837 844 3905 alteri
858 3837 1093 3907 valediximus.

440 3953 487 4022 At
501 3952 663 4035 postridie
677 3974 746 4021 non
762 3975 817 4022 me
831 3954 1001 4024 convenit.
1023 3953 1112 4022 Toto
1126 3975 1226 4022 mane
1248 3953 1358 4023 libens

357 4052 550 4134 exspectavi
561 4053 634 4120 iore
650 4059 691 4122 ut
705 4074 760 4121 me
774 4061 903 4136 evocet,
920 4053 978 4124 sed
995 4075 1102 4137 quum
1117 4053 1151 4123 id
1166 4075 1234 4122 non
1250 4053 1358 4136 lieret,

358 4175 419 4236 pro
434 4159 527 4222 certo
542 4152 706 4236 putabam
721 4176 871 4224 meeum
894 4155 929 4224 in
955 4156 1085 4226 aedibus
1109 4154 1257 4225 Vantine
1278 4176 1357 4224 cum
