3500 5158
555 908 775 966 mmmmm
796 907 1089 964 moniniovmcn
1263 891 1326 962 281

412 1077 533 1150 “istud
547 1078 630 1150 satis
644 1079 709 1149 erit
723 1077 875 1163 aptum,''
890 1079 997 1148 iatru.
1020 1077 1199 1149 “Reconde
1210 1078 1255 1149 sis
1270 1099 1328 1150 eas

327 1178 412 1262 huc;
434 1201 499 1262 ego
512 1178 650 1249 interim
664 1179 893 1262 argentariam
907 1178 1092 1262 appellabo,
1107 1179 1329 1263 forulumque

328 1279 455 1350 fortem
470 1278 703 1363 comparabo?

411 1394 603 1494 Simmonds
627 1401 732 1478 atque
756 1395 857 1478 Pigot
882 1395 1072 1480 manipulos
1095 1417 1221 1479 magna
1245 1416 1329 1467 cura

328 1495 605 1566 convolvitarunt
629 1502 666 1566 et
689 1495 725 1564 in
748 1495 865 1566 vidulo
888 1495 1137 1578 disposuerunt,
1160 1495 1243 1564 dum
1263 1516 1329 1579 ego

328 1596 402 1665 iere
425 1594 630 1678 obstupidus
653 1593 895 1678 inspectabam.
918 1594 1042 1665 Animo
1067 1617 1202 1666 mecum
1216 1595 1327 1664 irrita-

331 1702 449 1766 menta
461 1701 639 1766 tantarum
660 1694 964 1779 pulchritudinum,
989 1717 1068 1779 quae
1090 1695 1195 1765 fidem
1218 1695 1329 1765 cuius·

330 1816 467 1880 crmque
480 1801 615 1866 tentare
629 1802 777 1879 possent,
792 1795 893 1865 silens
908 1794 1120 1878 reputabam.
1145 1795 1180 1865 N
1181 1817 1219 1866 ec
1244 1795 1329 1865 adeo

328 1896 478 1980 pretium
504 1896 667 1978 valorque
693 1916 908 1978 gemmarum
932 1916 988 1965 me
1013 1901 1274 1966 commoverunt
1287 1931 1330 1940 -

328 1997 371 2068 de
385 2018 426 2066 ea
440 1996 531 2066 enim
545 2016 583 2066 re
597 1996 657 2066 vix
671 1995 839 2079 cogitavi;
860 1995 920 2066 scd
935 1995 1070 2079 fulgida
1090 1995 1270 2067 emicantia
1284 1996 1327 2066 ai·

329 2097 467 2178 lactans,
490 2117 569 2179 quae
593 2095 809 2178 phantasiam
834 2095 870 2164 in
895 2117 951 2165 me
976 2096 1172 2167 suscitabat.
1198 2096 1286 2180 Quid
1302 2096 1330 2165 si

328 2217 416 2266 meae
430 2195 561 2266 essent?
583 2195 694 2280 Quam
708 2217 843 2279 possem
857 2217 915 2265 eas
930 2195 1044 2279 digitis
1058 2202 1279 2278 contrectare,
1294 2202 1330 2267 et

329 2295 445 2366 oculos
455 2295 491 2365 in
505 2295 547 2365 iis
561 2317 698 2379 pascere
713 2302 754 2365 ut
768 2295 833 2365 sub
846 2294 975 2365 lumine
996 2302 1183 2366 tremerent
1196 2302 1233 2366 et
1247 2297 1331 2366 ruti·

329 2394 450 2466 latent!

413 2493 536 2565 “Certe
551 2495 700 2578 Magnus
711 2494 791 2564 Dux
806 2494 951 2566 Michael
958 2495 1143 2566 admodum
1154 2497 1332 2580 perturba·

328 2603 388 2667 tus
396 2595 440 2666 sit
451 2595 616 2679 oportet,”
630 2601 729 2665 notat
742 2593 942 2678 Simmonds,
957 2595 1027 2680 qui,
1043 2597 1127 2666 dum
1137 2597 1332 2667 omniahaec

329 2701 525 2780 agerentur,
541 2717 584 2765 ex
597 2695 781 2765 serenitate
795 2695 899 2765 animi
920 2697 1106 2780 nativoque
1121 2698 1234 2781 lepore
1247 2697 1332 2768 nihil

330 2795 501 2866 amiserat.

414 2893 577 2964 “birrioso
591 2895 666 2964 fere
681 2901 757 2965 erat
770 2894 919 2978 similis,”
932 2895 1107 2978 respondit
1117 2895 1221 2967 herus
1231 2896 1332 2980 Pigot

330 2994 397 3065 leni
412 2994 484 3064 risu
500 3015 603 3078 super
617 2994 704 3065 sicca
718 2993 910 3086 Simmonds
934 2996 1050 3066 verba.
1077 2994 1162 3066 “Hae
1185 3018 1332 3080 gemma

333 3095 489 3177 voluptas
504 3115 544 3163 ac
559 3093 683 3163 delitiae
697 3094 802 3164 animi
817 3093 891 3164 eius
904 3095 1066 3178 fuerunt;
1088 3095 1151 3166 has
1164 3096 1239 3166 fere
1254 3096 1333 3167 ado

330 3193 431 3276 ravit,
446 3215 482 3264 se
496 3193 542 3263 ab
554 3193 608 3263 his
622 3214 801 3276 nunquam
816 3193 930 3264 divelli
944 3195 1035 3277 sivit,
1049 3217 1113 3265 nec
1128 3195 1183 3266 die
1195 3217 1260 3266 nec
1274 3218 1333 3266 no

330 3300 394 3376 cte;
404 3314 608 3377 quocunque
623 3315 660 3364 sc
673 3293 870 3376 diverterat,
879 3293 941 3364 has
955 3315 1088 3378 semper
1103 3317 1219 3366 secum
1231 3295 1333 3366 habe-

332 3414 371 3463 ra
385 3393 524 3463 solebat.
535 3394 651 3474 Quum
663 3392 882 3474 velmaxima
891 3402 1106 3477 premeretur
1115 3395 1268 3478 pecuniae
1276 3417 1333 3480 pe·

332 3493 521 3564 nuria-sic
535 3513 618 3562 vero
632 3492 727 3562 haud
735 3513 813 3563 raro
821 3493 928 3576 premi
937 3495 1333 3579 consuevit-nunquam

332 3594 389 3664 vel
413 3593 549 3664 unicam
580 3613 795 3675 gemmarum
823 3594 1055 3664 venumdedit.
1093 3596 1175 3678 imo,
1204 3603 1333 3679 contra,

331 3692 607 3776 quandocunque
620 3695 802 3763 numerata
816 3693 970 3764 abundat
984 3696 1137 3778 pecunia,
1158 3703 1221 3767 aut
1242 3695 1333 3779 fide,l

332 3792 528 3876 lapidesque
552 3792 699 3875 idgenus
721 3792 866 3863 insoiitae
886 3793 1148 3876 pulchritudinis
1169 3801 1334 3878 prostant,

331 3892 413 3976 ipse,
429 3891 563 3962 etiamsi
577 3890 694 3962 debita
708 3891 855 3962 insoluta
869 3900 1041 3977 maneant,
1056 3894 1144 4000 quin
1165 3895 1228 3966 hos
1249 3917 1334 3978 prae·

433 4111 456 4162 1.
473 4107 578 4163 Fides:
590 4108 696 4162 scilicet
713 4109 883 4172 moratoria,
907 4125 961 4176 qua
983 4110 1070 4178 siquis
1095 4111 1206 4178 polleat,
1218 4111 1243 4165 ei
1256 4113 1335 4168 aude-

331 4209 393 4248 mus
406 4209 509 4248 merces
522 4194 693 4256 concredere,
705 4193 851 4260 pecuniam
862 4199 986 4248 mutirem
999 4195 1072 4250 dare.
