3500 5158
414 879 477 948 246
675 899 886 952 ursmarum
908 899 1016 953 Anca
1037 891 1155 954 somn

415 1066 477 1134 has
491 1067 621 1135 litteras
635 1067 706 1149 ipse
721 1066 912 1150 scripserit?
935 1069 973 1136 In
996 1067 1068 1150 ipsa
1088 1067 1173 1136 adeo
1195 1066 1328 1135 officina
1349 1067 1414 1134 Re-

415 1169 506 1236 cord.
528 1167 653 1236 Charta
668 1167 733 1235 ista
758 1176 850 1237 este
875 1167 1098 1237 meculatura¹
1124 1174 1249 1236 nostra.
1272 1167 1347 1248 lpse
1368 1165 1414 1234 ibi

415 1267 574 1348 consedit,
590 1267 633 1335 ab
649 1269 720 1349 ipso
735 1290 810 1336 meo
826 1290 918 1350 naso,
933 1275 975 1336 ut
989 1268 1038 1336 ita
1052 1268 1170 1349 dicam,
1182 1267 1274 1336 haud
1289 1265 1415 1348 procul,

416 1367 547 1436 litteras
561 1367 622 1435 has
638 1368 821 1450 exscripsit,
845 1369 879 1435 in
906 1367 1064 1450 pyxidem
1084 1367 1198 1435 iniecit
1220 1388 1341 1448 meam,
1366 1366 1417 1434 fo-

416 1490 537 1550 rasque
552 1467 748 1536 ambulavit
771 1469 815 1536 Et
839 1476 962 1536 cuncta
988 1468 1060 1536 haec
1076 1467 1255 1551 aliquando
1270 1467 1336 1536 ista
1358 1487 1414 1534 ve·

416 1590 513 1650 spera
536 1568 627 1648 fecit,
644 1568 776 1637 officina
791 1576 907 1637 nostra
921 1568 1096 1637 hominum
1113 1567 1216 1636 turba
1228 1566 1411 1636 scatente.'’

500 1685 648 1753 “Verum
665 1685 690 1754 si
708 1707 826 1754 revera
842 1686 945 1754 sentit
960 1685 1052 1767 quod
1078 1684 1203 1764 scribit,
1227 1683 1414 1753 absurdum

415 1793 466 1854 est
483 1785 627 1866 idgenus
643 1785 772 1854 litteras
788 1785 941 1855 scribere.
963 1785 1018 1854 Tu
1034 1784 1135 1854 modo
1149 1784 1322 1853 decuriam
1337 1783 1415 1853 edo-

415 1908 491 1954 ceas
508 1939 515 1953 .
533 1939 540 1954 .
557 1886 586 1952 .'’

499 2001 761 2071 “Animadverte
771 2003 870 2070 modo
878 2024 957 2071 eum
965 2001 1047 2070 mihi
1060 2002 1093 2069 in
1105 2001 1228 2072 fiducia
1237 2001 1413 2070 scribere.’'

499 2103 573 2172 “Tu
590 2125 671 2170 vero
686 2103 787 2171 fidem
803 2125 885 2184 erga
899 2124 978 2170 eum
996 2101 1145 2170 servabis
1154 2101 1191 2170 ?”

499 2204 677 2282 “Servabo,
703 2203 874 2284 profecto;
905 2202 986 2284 quin
1013 2224 1092 2270 eum
1119 2200 1200 2270 mihi
1228 2201 1413 2270 maximum

416 2305 577 2373 honorem
593 2302 750 2370 tribuisse
766 2303 930 2371 existimo.
946 2303 1018 2370 Nec
1033 2301 1094 2370 ulli
1115 2302 1176 2370 has
1199 2301 1329 2371 litteras
1351 2301 1413 2370 nisi

415 2406 476 2473 tibi
492 2402 638 2482 exhibui,
654 2403 709 2470 vel
724 2425 784 2484 per
799 2401 987 2470 fiduciam.”

499 2504 657 2572 “Nullam
672 2502 833 2571 eiusmodi
849 2502 1007 2570 fiduciam
1022 2501 1291 2583 lurisprudentia
1312 2523 1414 2583 agno

415 2607 507 2687 scit,'’
523 2605 621 2673 docui
637 2625 726 2672 eum.
743 2601 881 2671 “Fidem
896 2602 1041 2682 idgenus
1056 2624 1191 2670 servare
1208 2601 1346 2683 perinde
1361 2607 1413 2670 est

414 2730 452 2776 ac
467 2705 629 2774 maleficio
643 2703 879 2786 patrocinari.’'

494 2805 559 2873 “Et
574 2813 612 2872 tu
629 2825 704 2872 eam
720 2811 835 2871 tamen
851 2801 1032 2882 servabis,'’
1055 2802 1151 2870 fatur
1167 2801 1318 2884 Godfrey
1336 2823 1413 2870 sua·

413 2909 510 2978 viter.
529 2906 642 2972 “Tene
657 2903 766 2982 modo,
782 2924 856 2984 ego,
881 2923 942 2984 pro
967 2901 1097 2970 viribus
1122 2901 1232 2969 enitar
1257 2901 1413 2970 omnibus

414 3015 454 3076 ut
479 3006 646 3086 flagitium
673 3001 754 3071 illud
785 3001 1000 3084 praepediam.
1031 3002 1101 3069 Iam
1134 3007 1170 3069 et
1198 3001 1413 3082 experiemur

414 3117 532 3176 utrum
550 3104 719 3174 Crochard
735 3125 815 3170 vere
831 3101 1031 3170 invincibilis
1046 3102 1099 3170 sit.
1102 3102 1120 3128 ''

497 3205 591 3286 “Ego
614 3224 749 3286 quoque
774 3201 946 3280 servabol'
975 3201 1051 3269 adst
1037 3201 1215 3283 tipulabar,
1243 3198 1413 3283 “quando-

417 3306 553 3389 quidem
577 3305 659 3373 istas
682 3303 720 3370 lit
706 3309 812 3370 tteras
835 3301 917 3369 nihil
938 3301 1001 3368 nisi
1025 3300 1130 3368 verba
1155 3300 1234 3369 dare
1249 3299 1413 3370 existimo

414 3409 537 3488 Atque,
553 3412 639 3488 praet
641 3425 727 3482 crea,
730 3401 958 3483 ”subiunxi‘
960 3400 1072 3468 ‘etiam
1094 3399 1201 3469 habeo
1224 3400 1354 3469 litteras
1368 3401 1412 3469 ab

415 3501 623 3576 Annandet
647 3504 715 3570 Fils
738 3503 809 3570 fact
795 3509 870 3570 tum
894 3501 1132 3569 continuantes
1157 3499 1223 3569 lide
1249 3500 1411 3570 librorum

414 3629 553 3676 suorum
569 3611 722 3672 constare
738 3623 850 3670 arcam
867 3601 972 3669 Boule
988 3600 1141 3682 Philippo
1161 3601 1308 3670 Vantine
1331 3622 1412 3670 ven·

414 3709 519 3777 ditam
534 3705 650 3773 fuisse.
667 3702 810 3782 Quando
826 3702 872 3770 sic
887 3723 941 3769 res
955 3723 991 3769 se
1005 3700 1141 3782 habent,
1153 3723 1228 3770 eam
1242 3700 1324 3769 mihi
1339 3701 1411 3770 vin·

413 3807 540 3886 dicab0,
556 3807 741 3886 Museoque
757 3802 922 3871 tradam.''
1462 3811 1465 3818 ⁴

513 4027 536 4076 1.
555 4019 754 4080 merelatum,
771 4035 815 4081 -ao,
832 4025 945 4070 vocatur
968 4019 1070 4078 charta,
1092 4019 1120 4069 in
1143 4034 1195 4084 qua
1216 4019 1354 4080 exercitia,
1365 4019 1409 4071 vel

411 4109 479 4161 alias
492 4107 708 4170 compositiones,
723 4121 793 4169 saepe
813 4119 875 4155 cum
887 4103 981 4155 multis
993 4100 1119 4154 maculis
1133 4109 1161 4155 et
1174 4103 1411 4156 emendationibus

411 4192 605 4258 scriptitamus.
