3502 5158
432 874 474 942 30
698 889 907 942 ursnnxuru
928 888 1034 943 auom
1055 884 1173 942 nouus

431 1056 635 1141 persuadere
649 1057 726 1125 vult
740 1064 886 1126 mortem
901 1076 921 1125 e
935 1056 1182 1140 scariphatione
1208 1059 1331 1127 mands
1356 1080 1430 1140 pro

432 1157 575 1226 venisse.
591 1156 679 1239 Non,
695 1156 826 1240 Hercle,
842 1156 877 1225 in
892 1157 974 1226 orbe
988 1163 1158 1226 terrarum
1183 1163 1236 1226 est
1259 1179 1430 1228 venenum

432 1257 522 1340 quod
537 1257 709 1326 hominem
724 1263 797 1325 tam
811 1257 879 1326 cito
894 1264 1013 1325 enecet
1026 1257 1239 1340 —quoniam
1253 1279 1333 1328 eum
1344 1280 1431 1328 mor-

432 1364 533 1428 tuum
549 1356 731 1426 concidisse
746 1356 925 1440 oportebat
938 1364 1123 1439 antequam
1149 1379 1191 1426 ex
1216 1358 1366 1427 conclavi
1387 1359 1430 1428 ad

432 1478 531 1542 opem
546 1457 772 1526 invocandam
787 1456 991 1526 excessisset.
1024 1456 1058 1526 Si
1073 1456 1107 1526 id
1123 1457 1257 1526 acidum
1282 1459 1431 1528 Borussi-

431 1579 510 1628 cum
524 1557 642 1639 luerit,
658 1563 792 1639 oportet
808 1578 888 1626 eum
915 1556 948 1626 id
975 1556 1206 1640 deglutivisse.
1237 1558 1431 1629 Memineris

431 1658 522 1728 hunc
537 1658 572 1726 in
587 1657 652 1726 isto
667 1657 819 1726 conclavi
835 1655 927 1726 haud
943 1657 1019 1740 plus
1035 1657 1214 1739 quindenis
1228 1665 1290 1727 aut
1305 1659 1432 1730 vicenis

431 1757 572 1828 minutis
601 1757 763 1839 exegisse,
793 1764 829 1826 et
859 1757 902 1826 ab
928 1757 1011 1826 hero
1036 1757 1183 1827 Vantine
1205 1758 1272 1828 iam
1294 1760 1431 1842 penitus

430 1865 606 1928 mortuum
629 1878 702 1926 esse
726 1856 915 1926 inventum.
948 1857 1111 1927 Homines
1134 1880 1202 1927 non
1232 1866 1303 1928 tam
1332 1859 1431 1929 facile

431 1958 625 2027 moriuntur
643 1993 680 2000 -
696 1978 765 2026 non
781 1977 800 2024 e
815 1957 1091 2038 scariphicatione
1107 1961 1238 2028 mamis.
1270 1959 1359 2042 Quin
1374 1982 1431 2029 ne·

431 2078 605 2141 quaquam
620 2057 720 2127 facile
743 2057 946 2126 moriuntur.
979 2057 1105 2127 Mirum
1127 2059 1226 2141 plane
1250 2065 1303 2128 est
1327 2081 1430 2143 quam

431 2156 563 2226 difficile
580 2155 623 2224 sit
637 2156 810 2225 hominem
825 2177 946 2226 necare
964 2193 997 2201 -
1017 2164 1226 2241 quantopere
1236 2159 1360 2242 anima,
1369 2168 1431 2230 aut

431 2256 595 2341 quidquid
622 2256 657 2325 id
682 2254 743 2324 tibi
769 2277 890 2325 vocare
918 2257 1059 2338 placeat,
1073 2257 1205 2340 corpori
1219 2257 1430 2342 inhaerescat,

431 2357 570 2438 vitaque
586 2355 780 2436 perduret.”

511 2454 680 2538 “Quinam
694 2455 971 2538 interpretaberis
986 2456 1126 2525 titulum
1136 2456 1170 2525 in
1185 2458 1326 2540 pagella,
1339 2459 1429 2528 Here

432 2554 682 2638 Goldberger?'’
698 2575 815 2637 quaero
830 2554 938 2623 abeo.

503 2653 605 2723 “Mihi
614 2675 816 2737 persuasum
825 2654 977 2724 esthunc
987 2654 1155 2724 misellum
1164 2657 1333 2726 cumhero
1342 2658 1431 2728 Van·

430 2755 501 2824 tine
513 2775 633 2823 revera
648 2753 783 2837 aliquod
799 2754 977 2837 negotium
993 2754 1161 2837 habuisse;
1172 2756 1318 2826 fortasse
1332 2779 1432 2840 pecu·

326 2901 329 2906 .
429 2854 521 2924 niam
537 2860 695 2923 mutuam
706 2853 842 2923 volebat
853 2861 978 2938 petere,
991 2861 1052 2924 aut
1061 2877 1158 2938 opem
1170 2856 1214 2925 ab
1223 2879 1263 2926 eo
1273 2857 1431 2940 impetra·

430 2977 476 3036 re,
498 2977 537 3023 ac
552 2953 634 3023 dum
650 2953 879 3037 exspectabat,
893 2975 965 3023 rem
980 2955 1116 3024 missam
1128 2955 1257 3038 fecisse,
1273 2964 1431 3026 mortem-

430 3077 497 3137 que
518 3054 728 3123 conscivisse.
751 3055 887 3124 Titulus
898 3055 952 3124 ille
963 3076 1043 3124 cum
1051 3055 1190 3124 suicidio
1200 3077 1338 3138 prorsus
1347 3057 1431 3126 nihil

429 3153 533 3224 habet
547 3175 736 3235 commune,
753 3161 794 3223 ut
808 3175 884 3223 mea
899 3155 970 3223 fert
983 3154 1103 3237 opinio.
1119 3154 1252 3224 Addam
1264 3165 1430 3238 praterea

430 3255 457 3324 si
473 3254 536 3323 hoc
551 3276 619 3323 non
636 3253 814 3323 suicidium
829 3261 890 3335 est,
915 3277 1032 3324 casum
1056 3277 1128 3324 esse
1151 3256 1298 3324 maxime
1322 3257 1431 3327 insoli-

430 3363 505 3424 tum
527 3353 680 3423 omnium
704 3355 762 3436 qui
786 3375 940 3436 unquam
965 3355 1047 3423 mihi
1075 3356 1139 3424 sub
1165 3357 1278 3426 oculos
1304 3357 1431 3427 cecide-

430 3455 543 3524 runt.'’

513 3551 596 3634 “Sic,
614 3543 725 3636 sane‚'”
742 3555 893 3637 inquam.
917 3553 972 3625 “Si
996 3577 1065 3624 non
1081 3555 1259 3627 suicidium
1275 3565 1337 3639 est,
1354 3579 1430 3640 pro-

430 3654 525 3723 tinus
539 3652 629 3728 inter
644 3675 764 3723 saxum
780 3661 816 3722 et
830 3677 924 3724 mare
938 3655 1138 3725 haeremus.'’

510 3751 675 3822 “Prorsus
690 3753 769 3835 ita,’'
785 3761 874 3824 nutu
891 3755 1042 3838 impense
1065 3757 1251 3826 assentitur
1272 3756 1432 3827 Goldber-

429 3873 500 3934 ger.
524 3851 597 3921 “En
612 3875 764 3922 arceram
773 3852 802 3922 l’'
818 3853 1005 3938 subiungit,
1020 3861 1060 3924 ut
1071 3856 1149 3925 nola
1163 3857 1346 3940 personuit.

513 3952 722 4035 Vespillones
744 3975 824 4022 cum
847 3954 976 4024 feretro
999 3955 1140 4038 intrant,
1166 3956 1313 4026 cadaver
1324 3957 1431 4041 impo-

428 4059 518 4120 nunt
547 4060 584 4121 et
612 4051 774 4122 evehunt.
811 4053 1022 4136 Goldberger
1044 4061 1181 4123 tantum
1203 4063 1356 4125 moratus
1378 4063 1430 4126 est

429 4150 510 4219 dum
529 4173 583 4220 res
598 4151 755 4220 cadaveri
770 4152 940 4222 detractas
953 4153 1097 4236 collegit.
