3500 5158
444 877 507 946 284
711 891 916 947 nrsmnnnr
932 889 1038 947 anon
1060 884 1178 946 nourr

529 1056 707 1130 “Fortasse
722 1059 899 1144 complura
919 1059 1043 1130 horum
1066 1059 1448 1142 hariolatur'tantum,'’

446 1159 569 1229 suadet
585 1159 709 1242 Grady.

528 1257 601 1329 “lta
616 1266 651 1330 et
666 1281 731 1344 ego
745 1259 949 1342 coniectavi;
970 1267 1007 1330 at
1022 1281 1091 1330 non
1115 1259 1217 1330 credo
1240 1280 1449 1343 quemquam

443 1365 516 1428 tam
529 1367 687 1431 accurate
702 1360 860 1430 hariolari
875 1381 982 1443 posse.
1004 1360 1057 1431 Sic
1070 1359 1167 1430 verbi
1181 1381 1294 1442 causa,
1306 1381 1448 1444 quomo

443 1458 487 1528 do
503 1459 549 1529 illi
564 1461 750 1544 quidquam
766 1461 808 1531 de
823 1461 888 1531 illis
902 1460 1025 1531 litteris
1039 1467 1193 1531 constare
1207 1460 1384 1543 poterat?

529 1557 602 1630 “Ne
628 1581 693 1644 ego
718 1561 868 1644 quidem,
894 1562 1079 1644 profecto?
1104 1560 1298 1643 interpellat
1320 1559 1448 1642 Grady,

446 1657 621 1742 “unquam
637 1661 678 1730 de
692 1660 733 1730 iis
747 1660 875 1730 audivi.
901 1663 1067 1742 Quaenam
1081 1660 1148 1730 ista
1162 1666 1215 1730 est
1228 1659 1411 1731 historial“

528 1759 650 1830 Paucis
671 1758 785 1830 verbis
809 1760 985 1830 historiam
1008 1783 1088 1831 eum
1111 1759 1219 1843 docui,
1243 1760 1375 1830 cunctis
1396 1765 1447 1829 ta·
1484 1793 1489 1806 ·

444 1879 525 1928 men
540 1881 674 1929 summa
688 1881 771 1929 cura
786 1859 924 1930 evitatis
938 1883 957 1930 e
971 1860 1097 1944 quibus
1111 1881 1191 1942 quae
1201 1881 1242 1929 ea
1251 1860 1365 1930 velata
1375 1881 1446 1929 ma-

444 1965 544 2029 trona
557 1959 690 2042 fuisset,
705 1959 818 2043 palam
833 1960 941 2030 fieret.

528 2058 705 2129 “Fuerunt
718 2060 754 2128 in
769 2081 810 2130 ea
824 2081 862 2130 re
875 2060 1033 2144 quaedam
1048 2059 1263 2144 singularia,”
1275 2058 1446 2143 subiunxi,

445 2157 545 2242 “quae
559 2167 684 2243 praeter
699 2158 785 2230 duos
799 2161 883 2230 alios
896 2161 981 2232 nulli
995 2161 1103 2244 alteri,
1119 2167 1159 2231 ut
1173 2158 1348 2244 putabam,
1363 2166 1446 2230 nota

443 2259 589 2329 fuerunt
603 2295 642 2305 -
660 2267 696 2330 et
709 2260 791 2330 hero
805 2261 907 2344 Pigot
920 2267 1036 2331 tamen
1051 2268 1133 2331 sunt
1144 2260 1291 2344 cognita
1303 2261 1447 2344 Insuper

446 2380 596 2442 quonam
609 2359 710 2430 modo
725 2359 999 2431 mechanismatis
1013 2360 1142 2432 indoles
1157 2361 1220 2431 sibi
1234 2367 1333 2430 tanta
1346 2360 1444 2430 certi-

443 2459 564 2529 tudine
579 2460 779 2532 constabat?
814 2461 931 2545 Porro‚
956 2463 1016 2545 qui
1041 2461 1140 2531 scivit
1165 2462 1254 2546 qnod
1284 2462 1444 2531 volumen

442 2560 660 2630 adamantem
675 2561 825 2630 Mazarin
840 2562 1047 2632 occultaret?
1068 2562 1117 2633 Ut
1131 2560 1370 2644 recordaberis,
1385 2583 1444 2630 an-

444 2666 584 2743 tequam
598 2659 633 2729 id
648 2660 831 2731 evolvisset
844 2662 1006 2744 explicuit
1030 2660 1128 2732 nobis
1143 2661 1225 2745 quid
1239 2662 1275 2731 id
1289 2661 1444 2731 celaret.''

526 2760 642 2844 Grady
657 2760 744 2830 bono
759 2761 882 2844 animo,
893 2761 952 2832 scd
961 2761 1211 2844 quodammodo
1226 2761 1396 2842 deorsum,
1408 2761 1444 2830 in

445 2880 501 2929 me
516 2858 702 2929 renidebat

527 2958 671 3029 “Nonne
687 2959 722 3029 id
737 2960 898 3031 ultimum
919 2968 993 3031 erat
1018 2961 1241 3032 convolutum
1249 2959 1286 3030 ?”
1310 2961 1443 3044 quaerit.

445 3056 750 3143 “Quandoquidem
764 3061 933 3132 maximus
946 3062 1002 3131 ille
1016 3062 1155 3132 adamas
1169 3062 1205 3130 in
1218 3060 1351 3132 caetcris
1365 3083 1444 3132 con·

443 3158 570 3228 volutis
585 3180 654 3227 non
668 3159 916 3243 inveniebatur,
931 3161 967 3231 in
983 3161 1103 3231 ultimo
1118 3161 1313 3231 delitescere
1328 3183 1443 3232 neces·

443 3278 480 3327 se
493 3257 573 3328 fuit.
594 3258 709 3341 Atque
723 3259 778 3329 hic
792 3280 884 3330 unus
897 3261 968 3330 fuit
983 3283 1102 3331 eorum
1117 3262 1276 3331 ludorum
1291 3282 1377 3344 quos
1386 3261 1444 3331 isti

443 3356 601 3428 Franculi
615 3365 686 3428 tam
701 3358 845 3430 libenter
858 3367 1030 3431 ostentare
1052 3362 1213 3431 soleant''

527 3455 637 3527 “Vera
659 3459 806 3529 tortasse
835 3461 1035 3544 memoras,”
1066 3461 1168 3531 retuli
1195 3461 1231 3530 in
1256 3481 1442 3532 assensum.

443 3555 629 3627 “Attamen
656 3558 886 3630 mechanisma
910 3561 993 3630 illud
1018 3561 1065 3630 sic
1089 3567 1237 3631 tractare
1262 3561 1445 3631 videbatur

442 3658 510 3728 aeri
525 3656 588 3727 sibi
602 3680 736 3728 summa
750 3680 829 3730 curn
844 3681 885 3730 eo
898 3661 1022 3731 fuisset
1036 3661 1258 3730 familiaritas.
1274 3660 1362 3731 Fieri
1375 3661 1443 3731 uti·

443 3779 510 3842 que
525 3764 638 3840 potest
651 3764 693 3828 ut
708 3780 745 3828 se
759 3759 803 3829 ad
818 3759 852 3829 id
866 3761 1087 3831 tractandum
1112 3761 1356 3844 praeparaverit
1370 3769 1442 3831 stu·

443 3857 506 3928 diis
534 3858 770 3941 prosequendo
799 3858 1049 3944 delineationes,
1075 3882 1164 3944 quae,
1189 3861 1306 3943 procul
1327 3861 1442 3944 dubio,

443 3957 604 4028 subnexae
613 3964 711 4027 erant
719 3965 849 4029 secreto
857 3961 1109 4031 commentario.
1118 3960 1208 4045 Quin
1218 3961 1321 4031 etiam
1329 3983 1442 4030 exem·

443 4057 517 4227 {lgr
531 4057 593 4172 sibi
607 4057 720 4140 parari
741 4080 861 4130 curare
884 4067 1028 4144 poterat,
1052 4068 1089 4132 et
1112 4061 1342 4144 operationem
1362 4061 1442 4132 inde

501 4158 628 4228 icisse.''
