3554 5156
719 929 1008 985 mmomnonns
1318 911 1361 984 97

440 1097 618 1170 “Fortasse
632 1097 755 1168 mulier
768 1097 804 1168 id
817 1120 861 1168 ne
877 1097 1012 1168 curavit
1026 1097 1174 1181 quidem.
1210 1097 1359 1170 Vantine

356 1199 427 1282 ipsc
441 1199 525 1270 mihi
539 1199 625 1269 dixit
640 1219 675 1268 se
690 1221 804 1268 arcam
819 1199 1070 1270 accuratissime
1088 1199 1356 1282 exploraturum.

354 1301 387 1368 N
388 1321 426 1370 ec
440 1299 560 1369 dubito
574 1299 657 1382 quin
671 1299 743 1381 ipsc
758 1299 821 1368 hoc
835 1299 948 1382 ipsum
974 1298 1147 1381 agitasset,
1174 1319 1281 1380 quum
1306 1299 1357 1368 in·

355 1406 517 1469 terventu
532 1399 682 1468 mulieris
696 1398 858 1469 turbatus
872 1405 970 1468 esset.
988 1398 1075 1468 Fieri
1091 1419 1226 1481 quoque
1242 1405 1355 1480 potest

354 1499 466 1582 ipsum
482 1521 518 1569 se
534 1499 623 1569 hanc
637 1521 657 1569 e
672 1498 772 1568 domo
787 1498 947 1580 emisisse,
963 1504 1038 1568 tum
1063 1519 1146 1567 vero
1171 1497 1214 1567 ad
1239 1519 1353 1568 arcam

355 1621 559 1682 regressum,
575 1605 756 1682 postquam
771 1599 844 1681 ipsa
858 1598 1073 1680 discessisset,
1088 1598 1123 1668 in
1138 1598 1290 1668 forulum
1302 1620 1355 1670 oc·

354 1700 487 1770 cultum
502 1699 688 1770 incidissc.”

437 1816 520 1900 “lta,
536 1838 635 1900 sane,
657 1816 691 1886 id
706 1837 842 1899 quoque
856 1815 929 1885 fieri
944 1823 1087 1900 poterat.
1108 1814 1354 1886 Verumtamen

353 1939 488 1987 mecum
503 1917 667 1987 fateberis
681 1923 868 1998 utrumque
883 1916 974 1986 hunc
987 1917 1062 1985 fere
1082 1915 1118 1985 in
1141 1915 1291 1998 modum,
1312 1923 1354 1986 ut

353 2017 453 2088 modo
468 2017 721 2100 descripseram,
737 2018 884 2086 occisum
898 2015 1037 2086 fuisse.”

434 2132 559 2204 “Recte
574 2155 700 2203 mones.
723 2132 816 2202 Nihil
832 2153 970 2214 prorsus
995 2139 1080 2214 puto
1095 2131 1353 2203 dubitandum.’'

435 2249 603 2320 “Obstant
618 2249 755 2333 quidem
770 2249 933 2319 nonnulla
947 2283 989 2295 —
1003 2271 1066 2319 nec
1080 2271 1201 2332 parum
1222 2251 1352 2333 gravia.

352 2351 530 2422 Sententia
543 2351 617 2420 haec
632 2351 780 2420 declarat
796 2349 934 2434 quidem
949 2349 1088 2419 modum
1104 2350 1282 2432 utriusque
1296 2372 1354 2420 ne·

352 2452 409 2534 cis,
424 2451 563 2534 perinde
577 2451 723 2533 explicat
744 2449 998 2521 similitudinem
1020 2449 1219 2532 vulnerum;
1241 2456 1352 2519 osten-

351 2551 401 2620 dit
417 2573 517 2634 porro
531 2572 637 2634 quare
652 2556 799 2633 utraque
814 2551 915 2633 plaga
929 2549 964 2619 in
980 2556 1074 2619 recta
1097 2571 1213 2632 manu,
1238 2551 1352 2634 paullo

352 2651 443 2720 infra
457 2651 643 2732 iuncturas,
659 2650 785 2720 inflicta
800 2651 853 2730 sit;
865 2650 1010 2732 explicat
1025 2649 1170 2732 denique
1181 2670 1287 2733 quare
1300 2671 1354 2719 ca-

352 2751 478 2820 devera
502 2751 622 2820 eodem
645 2758 780 2833 reperta
808 2751 876 2820 sint
906 2751 988 2833 loco,
1014 2749 1180 2833 siquidem
1205 2756 1351 2833 uterque

349 2872 467 2921 eorum
483 2873 582 2934 opem
598 2851 780 2934 quaesitum
795 2850 915 2920 iverat.
938 2852 1077 2932 Verum,
1103 2850 1213 2932 primo
1226 2851 1309 2933 loco,
1323 2850 1352 2920 si

350 2951 500 3022 Francus
514 2952 667 3021 forulum
682 2951 854 3032 evulserit,
866 2951 1024 3033 quisnam
1035 2950 1181 3020 eundem
1191 2950 1350 3020 clausit?”

433 3067 610 3140 “Fortasse
625 3090 730 3138 manu
746 3075 878 3138 remota
892 3068 1028 3138 iomlus
1041 3067 1114 3151 ipse
1140 3089 1176 3137 se
1198 3067 1350 3138 clausit.'’

432 3169 498 3239 “Et
512 3169 637 3238 iterum
663 3191 735 3239 sese
761 3168 881 3238 clausit
905 3176 1086 3251 postquam
1111 3167 1259 3237 Vantine
1274 3189 1351 3252 ape·

349 3271 459 3341 ruerit
466 3268 502 3338 ?”

433 3384 598 3456 “Etiamp

432 3485 681 3556 “Mechanisma
695 3485 911 3556 scitissimum
923 3485 958 3555 id
973 3506 1046 3556 esse
1061 3486 1225 3568 oportet.’'

431 3583 499 3654 “At
512 3585 546 3654 id
562 3585 636 3655 fieri
651 3587 772 3655 saltem
788 3586 931 3668 potest.”

429 3700 534 3786 “Quis
548 3701 582 3770 id
596 3701 670 3771 fieri
685 3723 782 3784 posse
798 3701 927 3784 neget?
943 3701 1136 3772 Meminisse
1151 3723 1213 3771 nos
1225 3723 1348 3771 conve·

345 3802 395 3871 nit
410 3802 579 3872 veneficos
594 3803 668 3871 eius
682 3802 748 3870 aevi
763 3801 1050 3884 ingeniosissimos
1070 3802 1187 3872 fuisse.
1220 3802 1271 3870 Ea
1293 3802 1348 3872 fu·
1459 3801 1462 3806 ’

344 3909 446 3972 erunt
461 3909 615 3984 tempora
629 3901 746 3984 gloriae
761 3901 811 3971 La
825 3900 941 3971 Voisin
952 3910 1057 3984 atque
1068 3901 1240 3984 Marquise
1252 3901 1348 3970 Brin-

343 4001 468 4071 villiers
481 4001 525 4071 ab
540 4001 637 4082 Elixi,
663 4008 699 4070 et
725 4001 833 4071 Orcus
858 4001 992 4071 noverit
1007 4009 1090 4084 quot
1104 4002 1248 4071 aliorum
1264 4002 1348 4070 artis

342 4101 445 4171 huius
459 4101 656 4184 peritorum,
672 4101 732 4184 qui
747 4101 965 4172 Catharinam
980 4101 1022 4171 de
1037 4101 1176 4171 Medicis
1191 4101 1226 4170 in
1244 4101 1348 4170 Fran·

338 4201 426 4272 ciam
441 4201 549 4272 secuti
563 4201 641 4273 sint.
663 4201 745 4273 Haec
761 4223 843 4286 ergo
858 4202 971 4272 omnia
984 4201 1058 4272 ficri
1068 4208 1160 4272 certe
1173 4207 1340 4284 poterant.
