3500 5158
432 831 496 902 280
693 849 903 904 ursrmmrr
924 847 1032 902 rnen
1052 841 1170 904 noum

434 1015 635 1086 Russiarum
664 1015 929 1100 Imperatricem,
958 1037 1037 1100 quae
1064 1014 1251 1098 cupiditate
1286 1013 1437 1098 lapidum

435 1115 662 1198 pretiosorum
675 1117 856 1200 flagrabat,
867 1137 946 1201 quae
966 1116 1134 1186 moritura
1147 1115 1341 1199 congeriem
1348 1113 1438 1186 hanc

432 1235 599 1299 perquam
614 1217 822 1300 singularem
836 1216 904 1286 filio
920 1237 982 1288 suo
996 1215 1201 1300 praedilecto,
1225 1215 1285 1299 qui
1308 1222 1344 1285 et
1365 1215 1435 1286 he

434 1336 489 1385 res
504 1316 657 1385 eiusdem
671 1337 743 1386 suae
758 1316 954 1400 cupiditatis
968 1323 1052 1399 erat,
1067 1321 1273 1386 testamento
1288 1315 1435 1398 reliquit

435 1415 475 1484 In
489 1415 601 1485 locum
616 1415 797 1498 originarii,
814 1416 926 1486 turbae
940 1415 983 1485 ad
999 1415 1235 1485 demirandam
1246 1413 1436 1484 imitamen·

434 1520 510 1583 tum
524 1513 715 1584 adamantis
729 1515 879 1584 Mazarin
904 1515 1090 1585 suffectum
1104 1515 1140 1584 in
1154 1515 1291 1586 Louvre
1313 1520 1375 1596 est,
1397 1520 1434 1584 et

434 1636 514 1684 mox
529 1615 672 1699 quisque
687 1616 814 1686 oblitus
827 1621 902 1685 erat
917 1637 1035 1686 senon
1049 1636 1172 1685 verum
1186 1613 1345 1684 demirari
1357 1613 1436 1684 ada·

433 1721 595 1784 mantem.
610 1715 662 1784 Ex
677 1736 754 1785 mea
768 1738 851 1785 vero
866 1723 963 1800 parte
978 1723 1127 1786 rectores
1141 1714 1313 1797 sapienter
1326 1721 1436 1784 statu·

433 1814 499 1884 isse
525 1815 680 1885 arbitror.
705 1815 808 1886 Nunc
832 1817 946 1898 vero,”
972 1815 1150 1898 subiungit
1169 1822 1270 1898 gestu
1284 1813 1436 1897 fulgidos

433 1914 588 1984 indicans
601 1916 765 1997 cumulos,
781 1914 885 2000 “quid
900 1917 943 1986 de
957 1916 1031 1986 istis
1046 1914 1204 1986 omnibus
1214 1915 1318 1985 rebus
1328 1921 1437 1985 statu·

434 2014 563 2085 endum
577 2015 722 2086 censetis
730 2016 767 2084 i'’

516 2130 654 2202 “Unum
669 2139 807 2203 tanturn
822 2133 865 2202 ad
881 2133 1053 2216 agendum
1072 2133 1260 2217 superest,”
1273 2139 1434 2203 autumat

433 2230 558 2315 Grady,
575 2232 658 2302 dum
673 2233 771 2315 quasi
786 2256 829 2302 ex
843 2234 953 2304 extasi
966 2233 1162 2316 evigilabat,
1176 2229 1320 2316 “nempe
1329 2240 1380 2316 ut,
1390 2231 1435 2303 ci-

434 2332 564 2401 tissime
587 2353 692 2415 quam
713 2332 787 2402 fieri
800 2333 916 2417 possit,
932 2334 967 2403 in
982 2340 1100 2404 tutum
1120 2332 1362 2416 depositorium
1379 2332 1435 2403 de·

432 2432 601 2502 ferantur.
624 2433 771 2503 Lictoria
794 2440 912 2504 autern
936 2455 1016 2504 arca
1041 2433 1154 2504 fortis1
1178 2433 1272 2503 nulla
1294 2440 1357 2516 est,
1377 2432 1433 2503 cui

430 2553 651 2615 easgemmas
666 2533 867 2603 concredere
878 2533 1050 2604 auderem!
1062 2533 1139 2616 Pro,
1148 2532 1434 2616 haeipsiusArch·

432 2632 546 2715 angeli
560 2632 839 2703 Gabrielisfidem
863 2639 1038 2704 tentarent
1047 2633 1076 2702 !”
1106 2633 1152 2702 Et
1174 2654 1217 2702 err
1239 2633 1308 2703 imo
1329 2633 1435 2717 suspi-

434 2733 534 2802 ravit.

517 2847 634 2919 “Num
648 2856 720 2920 tarn
735 2855 811 2920 sera
824 2851 935 2920 noctis
949 2850 1033 2920 horat
1047 2857 1165 2920 tutum
1190 2849 1433 2934 depositorium
1561 2861 1564 2868 '

432 2955 591 3032 apertum
606 2950 856 3032 reperiemus?”
867 2951 991 3034 quaerit
1001 2949 1105 3021 herus
1114 2950 1215 3033 Pigot
1228 2949 1433 3032 horologiolo

432 3056 579 3132 aspecto.
602 3047 695 3119 “Iam
709 3050 784 3120 iere
799 3051 883 3120 hora
897 3050 1006 3134 prima
1019 3057 1072 3120 est
1085 3071 1165 3120 curn
1180 3049 1349 3120 dimidia.”

515 3162 612 3236 “Neo
627 3165 769 3236 Eboraci
784 3167 848 3237 hoc
863 3167 945 3237 satis
959 3167 1060 3237 facile
1075 3167 1158 3250 est,''
1180 3165 1294 3250 inquit
1307 3165 1432 3248 Grady.

432 3263 613 3335 “Gemmas
626 3265 663 3335 in
677 3266 919 3349 Argentariam
933 3267 1293 3336 Diumo·Noctumam
1309 3265 1344 3335 in
1359 3266 1434 3336 Pla·

431 3370 489 3434 tea
513 3365 650 3449 Quinta,
677 3372 797 3449 utpote
823 3387 902 3450 quae
916 3366 970 3436 die
984 3373 1158 3450 noctuque
1179 3372 1285 3450 patet,
1300 3365 1432 3436 defere-

431 3485 518 3534 mus.
534 3465 703 3548 Errspecta
716 3465 816 3536 modo
831 3467 914 3536 dum
928 3467 1054 3550 aliquid
1071 3467 1189 3550 inquo
1204 3487 1262 3537 eas
1274 3466 1433 3536 reconda-

432 3585 519 3647 mus,
535 3566 759 3648 comparem.''

515 3663 576 3734 His
590 3664 704 3735 verbis
718 3664 880 3749 discessit,
895 3667 955 3736 sed
975 3667 1089 3750 paullo
1112 3672 1191 3751 post
1214 3687 1294 3737 cum
1315 3664 1432 3737 vidulo

431 3763 541 3834 rediit.

533 3967 556 4019 1.
573 3964 657 4019 Arca
663 3965 770 4032 sonia:
782 3967 872 4022 ferrea
883 3984 954 4030 arca,
967 3973 999 4022 ut
1010 3969 1040 4021 in
1053 3967 1218 4035 argentariis
1234 3971 1283 4021 aut
1300 3936 1384 4021 etiam
1400 3967 1431 4020 in

431 4047 546 4114 privatis
563 4049 681 4102 officinis
704 4051 884 4116 reperiuntur,
904 4053 938 4105 ad
955 4051 1107 4118 pecuniam,
1131 4051 1303 4114 documenta,
1323 4049 1431 4117 aliaque

430 4131 549 4198 pretiosa
561 4134 757 4196 conservanda,
770 4149 852 4202 quam
861 4141 968 4189 veteres
976 4135 1060 4189 etiam
1069 4132 1245 4188 thesaurum
1254 4138 1431 4188 vocaverunt.
