<?xml version="1.0" encoding="UTF-8"?>
<!DOCTYPE html PUBLIC "-//W3C//DTD XHTML 1.0 Transitional//EN"
    "http://www.w3.org/TR/xhtml1/DTD/xhtml1-transitional.dtd">
<html xmlns="http://www.w3.org/1999/xhtml" xml:lang="en" lang="en">
 <head>
  <title>
</title>
<meta http-equiv="Content-Type" content="text/html;charset=utf-8" />
  <meta name='ocr-system' content='tesseract 3.04.00' />
  <meta name='ocr-capabilities' content='ocr_page ocr_carea ocr_par ocr_line ocrx_word'/>
</head>
<body>
  <div class='ocr_page' id='page_1' title='image "./mysteriumarcbou00mogygoog/mysteriumarcbou00mogygoog_0124.png"; bbox 0 0 3554 5156; ppageno 0'>
   <div class='ocr_carea' id='block_1_1' title="bbox 721 905 1373 978">
    <p class='ocr_par' dir='ltr' id='par_1_1' title="bbox 721 905 1373 978">
     <span class='ocr_line' id='line_1_1' title="bbox 721 905 1373 978; baseline -0.003 0"><span class='ocrx_word' id='word_1_1' title='bbox 721 922 1029 978; x_wconf 69' lang='lat' dir='ltr'><strong>marmoreum</strong></span> <span class='ocrx_word' id='word_1_2' title='bbox 1310 905 1373 976; x_wconf 85' lang='lat'><strong>109</strong></span> 
     </span>
    </p>
   </div>
   <div class='ocr_carea' id='block_1_2' title="bbox 367 1089 1375 3072">
    <p class='ocr_par' dir='ltr' id='par_1_2' title="bbox 371 1089 1373 1262">
     <span class='ocr_line' id='line_1_2' title="bbox 454 1089 1373 1174; baseline 0.001 -12"><span class='ocrx_word' id='word_1_3' title='bbox 454 1089 537 1174; x_wconf 80' lang='lat' dir='ltr'><strong>“lta,</strong></span> <span class='ocrx_word' id='word_1_4' title='bbox 553 1091 665 1174; x_wconf 88' lang='lat' dir='ltr'><strong>sane,”</strong></span> <span class='ocrx_word' id='word_1_5' title='bbox 679 1091 848 1174; x_wconf 84' lang='lat' dir='ltr'><strong>respondi,</strong></span> <span class='ocrx_word' id='word_1_6' title='bbox 865 1089 953 1162; x_wconf 90' lang='lat' dir='ltr'><strong>“tale</strong></span> <span class='ocrx_word' id='word_1_7' title='bbox 969 1090 1049 1174; x_wconf 90' lang='lat' dir='ltr'><strong>quid</strong></span> <span class='ocrx_word' id='word_1_8' title='bbox 1066 1111 1146 1160; x_wconf 89' lang='lat' dir='ltr'><strong>eum</strong></span> <span class='ocrx_word' id='word_1_9' title='bbox 1160 1089 1233 1160; x_wconf 89' lang='lat' dir='ltr'><strong>beri</strong></span> <span class='ocrx_word' id='word_1_10' title='bbox 1256 1111 1373 1174; x_wconf 86' lang='lat' dir='ltr'><strong>vespe·</strong></span> 
     </span>
     <span class='ocr_line' id='line_1_3' title="bbox 371 1191 817 1262; baseline 0 -1"><span class='ocrx_word' id='word_1_11' title='bbox 371 1192 399 1261; x_wconf 91' lang='lat' dir='ltr'><strong>ri</strong></span> <span class='ocrx_word' id='word_1_12' title='bbox 415 1191 656 1262; x_wconf 84' lang='lat' dir='ltr'><strong>memoravisse</strong></span> <span class='ocrx_word' id='word_1_13' title='bbox 670 1191 817 1261; x_wconf 88' lang='lat' dir='ltr'><strong>audivi.’&#39;</strong></span> 
     </span>
    </p>

    <p class='ocr_par' dir='ltr' id='par_1_3' title="bbox 367 1289 1375 2857">
     <span class='ocr_line' id='line_1_4' title="bbox 452 1289 1372 1374; baseline 0.001 -14"><span class='ocrx_word' id='word_1_14' title='bbox 452 1289 546 1360; x_wconf 88' lang='lat' dir='ltr'><strong>“Hoc</strong></span> <span class='ocrx_word' id='word_1_15' title='bbox 561 1291 814 1374; x_wconf 89' lang='lat' dir='ltr'><strong>postmeridiem</strong></span> <span class='ocrx_word' id='word_1_16' title='bbox 829 1291 871 1362; x_wconf 90' lang='lat' dir='ltr'><strong>de</strong></span> <span class='ocrx_word' id='word_1_17' title='bbox 887 1313 927 1361; x_wconf 88' lang='lat' dir='ltr'><strong>ea</strong></span> <span class='ocrx_word' id='word_1_18' title='bbox 954 1313 990 1362; x_wconf 92' lang='lat' dir='ltr'><strong>re</strong></span> <span class='ocrx_word' id='word_1_19' title='bbox 1013 1313 1092 1362; x_wconf 94' lang='lat' dir='ltr'><strong>cum</strong></span> <span class='ocrx_word' id='word_1_20' title='bbox 1118 1313 1159 1360; x_wconf 89' lang='lat' dir='ltr'><strong>eo</strong></span> <span class='ocrx_word' id='word_1_21' title='bbox 1184 1291 1372 1362; x_wconf 90' lang='lat' dir='ltr'><strong>collocutus</strong></span> 
     </span>
     <span class='ocr_line' id='line_1_5' title="bbox 369 1391 1373 1474; baseline 0 -14"><span class='ocrx_word' id='word_1_22' title='bbox 369 1413 472 1474; x_wconf 90' lang='lat' dir='ltr'><strong>eram,</strong></span> <span class='ocrx_word' id='word_1_23' title='bbox 488 1398 524 1460; x_wconf 91' lang='lat' dir='ltr'><strong>et</strong></span> <span class='ocrx_word' id='word_1_24' title='bbox 547 1413 584 1460; x_wconf 93' lang='lat' dir='ltr'><strong>se</strong></span> <span class='ocrx_word' id='word_1_25' title='bbox 607 1391 839 1460; x_wconf 89' lang='lat' dir='ltr'><strong>doctissimum</strong></span> <span class='ocrx_word' id='word_1_26' title='bbox 864 1391 1129 1474; x_wconf 87' lang='lat' dir='ltr'><strong>comprobavit,”</strong></span> <span class='ocrx_word' id='word_1_27' title='bbox 1156 1392 1373 1474; x_wconf 79' lang='lat' dir='ltr'>prosequitur</span> 
     </span>
     <span class='ocr_line' id='line_1_6' title="bbox 370 1489 1372 1574; baseline 0 -13"><span class='ocrx_word' id='word_1_28' title='bbox 370 1491 530 1574; x_wconf 84' lang='lat' dir='ltr'><strong>Godfrey.</strong></span> <span class='ocrx_word' id='word_1_29' title='bbox 544 1489 712 1561; x_wconf 89' lang='lat' dir='ltr'><strong>“Grandis</strong></span> <span class='ocrx_word' id='word_1_30' title='bbox 725 1491 788 1573; x_wconf 92' lang='lat' dir='ltr'><strong>ipsi</strong></span> <span class='ocrx_word' id='word_1_31' title='bbox 803 1513 884 1560; x_wconf 90' lang='lat' dir='ltr'><strong>sane</strong></span> <span class='ocrx_word' id='word_1_32' title='bbox 900 1491 1018 1560; x_wconf 81' lang='lat' dir='ltr'><strong>isthaec</strong></span> <span class='ocrx_word' id='word_1_33' title='bbox 1033 1498 1084 1560; x_wconf 91' lang='lat' dir='ltr'><strong>est</strong></span> <span class='ocrx_word' id='word_1_34' title='bbox 1096 1491 1242 1560; x_wconf 82' lang='lat' dir='ltr'><strong>occassio</strong></span> <span class='ocrx_word' id='word_1_35' title='bbox 1252 1512 1372 1561; x_wconf 90' lang='lat' dir='ltr'><strong>auram</strong></span> 
     </span>
     <span class='ocr_line' id='line_1_7' title="bbox 368 1591 1372 1674; baseline -0.001 -14"><span class='ocrx_word' id='word_1_36' title='bbox 368 1591 565 1672; x_wconf 81' lang='lat' dir='ltr'><strong>popularem</strong></span> <span class='ocrx_word' id='word_1_37' title='bbox 575 1591 744 1672; x_wconf 89' lang='lat' dir='ltr'><strong>captandi,</strong></span> <span class='ocrx_word' id='word_1_38' title='bbox 754 1612 924 1674; x_wconf 87' lang='lat' dir='ltr'><strong>usumque</strong></span> <span class='ocrx_word' id='word_1_39' title='bbox 939 1591 1013 1660; x_wconf 89' lang='lat' dir='ltr'><strong>eius</strong></span> <span class='ocrx_word' id='word_1_40' title='bbox 1027 1591 1139 1672; x_wconf 90' lang='lat' dir='ltr'><strong>capiet</strong></span> <span class='ocrx_word' id='word_1_41' title='bbox 1147 1612 1249 1673; x_wconf 89' lang='lat' dir='ltr'><strong>quam</strong></span> <span class='ocrx_word' id='word_1_42' title='bbox 1259 1597 1372 1673; x_wconf 87' lang='lat' dir='ltr'><strong>potest</strong></span> 
     </span>
     <span class='ocr_line' id='line_1_8' title="bbox 367 1690 1373 1776; baseline 0 -17"><span class='ocrx_word' id='word_1_43' title='bbox 367 1691 563 1760; x_wconf 84' lang='lat' dir='ltr'><strong>maximum.</strong></span> <span class='ocrx_word' id='word_1_44' title='bbox 595 1691 624 1760; x_wconf 83' lang='lat' dir='ltr'>E</span> <span class='ocrx_word' id='word_1_45' title='bbox 647 1691 760 1760; x_wconf 90' lang='lat' dir='ltr'><strong>verbis</strong></span> <span class='ocrx_word' id='word_1_46' title='bbox 776 1691 849 1760; x_wconf 92' lang='lat' dir='ltr'><strong>eius</strong></span> <span class='ocrx_word' id='word_1_47' title='bbox 863 1690 981 1772; x_wconf 85' lang='lat' dir='ltr'><strong>collegi</strong></span> <span class='ocrx_word' id='word_1_48' title='bbox 996 1691 1132 1759; x_wconf 91' lang='lat' dir='ltr'><strong>acidum</strong></span> <span class='ocrx_word' id='word_1_49' title='bbox 1144 1691 1373 1776; x_wconf 89' lang='lat' dir='ltr'><strong>Borussicum,</strong></span> 
     </span>
     <span class='ocr_line' id='line_1_9' title="bbox 370 1789 1375 1873; baseline 0.002 -16"><span class='ocrx_word' id='word_1_50' title='bbox 370 1789 460 1873; x_wconf 91' lang='lat' dir='ltr'><strong>quod</strong></span> <span class='ocrx_word' id='word_1_51' title='bbox 476 1789 528 1858; x_wconf 91' lang='lat' dir='ltr'><strong>Dii</strong></span> <span class='ocrx_word' id='word_1_52' title='bbox 543 1796 671 1860; x_wconf 87' lang='lat' dir='ltr'><strong>norunt</strong></span> <span class='ocrx_word' id='word_1_53' title='bbox 695 1791 777 1860; x_wconf 88' lang='lat' dir='ltr'><strong>satis</strong></span> <span class='ocrx_word' id='word_1_54' title='bbox 786 1791 909 1860; x_wconf 89' lang='lat' dir='ltr'><strong>lethale</strong></span> <span class='ocrx_word' id='word_1_55' title='bbox 933 1797 994 1872; x_wconf 92' lang='lat' dir='ltr'><strong>est,</strong></span> <span class='ocrx_word' id='word_1_56' title='bbox 1011 1789 1097 1860; x_wconf 89' lang='lat' dir='ltr'><strong>duas</strong></span> <span class='ocrx_word' id='word_1_57' title='bbox 1112 1789 1220 1860; x_wconf 88' lang='lat' dir='ltr'><strong>solum</strong></span> <span class='ocrx_word' id='word_1_58' title='bbox 1234 1791 1375 1860; x_wconf 84' lang='lat' dir='ltr'><strong>centesi-</strong></span> 
     </span>
     <span class='ocr_line' id='line_1_10' title="bbox 369 1889 1371 1973; baseline 0 -15"><span class='ocrx_word' id='word_1_59' title='bbox 369 1911 443 1958; x_wconf 91' lang='lat' dir='ltr'><strong>mas</strong></span> <span class='ocrx_word' id='word_1_60' title='bbox 457 1891 579 1959; x_wconf 90' lang='lat' dir='ltr'><strong>veneni</strong></span> <span class='ocrx_word' id='word_1_61' title='bbox 594 1891 779 1973; x_wconf 87' lang='lat' dir='ltr'><strong>complecti;</strong></span> <span class='ocrx_word' id='word_1_62' title='bbox 796 1891 999 1961; x_wconf 87' lang='lat' dir='ltr'><strong>solutionem</strong></span> <span class='ocrx_word' id='word_1_63' title='bbox 1014 1896 1130 1960; x_wconf 87' lang='lat' dir='ltr'><strong>autem</strong></span> <span class='ocrx_word' id='word_1_64' title='bbox 1147 1889 1311 1959; x_wconf 88' lang='lat' dir='ltr'><strong>hactenus</strong></span> <span class='ocrx_word' id='word_1_65' title='bbox 1322 1890 1371 1959; x_wconf 88' lang='lat' dir='ltr'><strong>fa-</strong></span> 
     </span>
     <span class='ocr_line' id='line_1_11' title="bbox 368 1988 1371 2072; baseline -0.001 -13"><span class='ocrx_word' id='word_1_66' title='bbox 368 1996 502 2059; x_wconf 83' lang='lat' dir='ltr'><strong>ctarum</strong></span> <span class='ocrx_word' id='word_1_67' title='bbox 511 1989 808 2058; x_wconf 87' lang='lat' dir='ltr'><strong>virulentissimam</strong></span> <span class='ocrx_word' id='word_1_68' title='bbox 820 1997 1005 2072; x_wconf 88' lang='lat' dir='ltr'><strong>quaternas</strong></span> <span class='ocrx_word' id='word_1_69' title='bbox 1019 1989 1221 2058; x_wconf 87' lang='lat' dir='ltr'><strong>centesimas</strong></span> <span class='ocrx_word' id='word_1_70' title='bbox 1229 1988 1371 2058; x_wconf 89' lang='lat' dir='ltr'><strong>efficere·</strong></span> 
     </span>
     <span class='ocr_line' id='line_1_12' title="bbox 370 2089 1370 2172; baseline -0.001 -14"><span class='ocrx_word' id='word_1_71' title='bbox 370 2089 652 2172; x_wconf 85' lang='lat' dir='ltr'><strong>Freylinghuisen</strong></span> <span class='ocrx_word' id='word_1_72' title='bbox 667 2090 786 2158; x_wconf 87' lang='lat' dir='ltr'><strong>asserit</strong></span> <span class='ocrx_word' id='word_1_73' title='bbox 802 2111 892 2170; x_wconf 91' lang='lat' dir='ltr'><strong>eum,</strong></span> <span class='ocrx_word' id='word_1_74' title='bbox 908 2089 1103 2172; x_wconf 87' lang='lat' dir='ltr'><strong>quicunque</strong></span> <span class='ocrx_word' id='word_1_75' title='bbox 1119 2089 1182 2159; x_wconf 91' lang='lat' dir='ltr'><strong>hoc</strong></span> <span class='ocrx_word' id='word_1_76' title='bbox 1198 2110 1370 2158; x_wconf 91' lang='lat' dir='ltr'><strong>venenum</strong></span> 
     </span>
     <span class='ocr_line' id='line_1_13' title="bbox 368 2189 1371 2271; baseline -0.002 -13"><span class='ocrx_word' id='word_1_77' title='bbox 368 2189 570 2271; x_wconf 85' lang='lat' dir='ltr'><strong>concoxerit,</strong></span> <span class='ocrx_word' id='word_1_78' title='bbox 594 2210 720 2257; x_wconf 90' lang='lat' dir='ltr'><strong>novam</strong></span> <span class='ocrx_word' id='word_1_79' title='bbox 743 2195 835 2257; x_wconf 87' lang='lat' dir='ltr'><strong>certe</strong></span> <span class='ocrx_word' id='word_1_80' title='bbox 857 2189 930 2258; x_wconf 91' lang='lat' dir='ltr'><strong>eius</strong></span> <span class='ocrx_word' id='word_1_81' title='bbox 952 2189 1114 2258; x_wconf 92' lang='lat' dir='ltr'><strong>miscendi</strong></span> <span class='ocrx_word' id='word_1_82' title='bbox 1140 2189 1306 2258; x_wconf 90' lang='lat' dir='ltr'><strong>rationem</strong></span> <span class='ocrx_word' id='word_1_83' title='bbox 1323 2189 1371 2256; x_wconf 89' lang='lat' dir='ltr'><strong>in-</strong></span> 
     </span>
     <span class='ocr_line' id='line_1_14' title="bbox 367 2288 1369 2372; baseline 0 -16"><span class='ocrx_word' id='word_1_84' title='bbox 367 2289 501 2358; x_wconf 92' lang='lat' dir='ltr'><strong>venisse</strong></span> <span class='ocrx_word' id='word_1_85' title='bbox 516 2323 557 2334; x_wconf 97' lang='lat'><em>-</em></span> <span class='ocrx_word' id='word_1_86' title='bbox 572 2294 634 2358; x_wconf 88' lang='lat' dir='ltr'><strong>aut</strong></span> <span class='ocrx_word' id='word_1_87' title='bbox 649 2295 741 2358; x_wconf 88' lang='lat' dir='ltr'><strong>certe</strong></span> <span class='ocrx_word' id='word_1_88' title='bbox 757 2289 924 2358; x_wconf 90' lang='lat' dir='ltr'><strong>rationem</strong></span> <span class='ocrx_word' id='word_1_89' title='bbox 950 2289 1126 2371; x_wconf 87' lang='lat' dir='ltr'><strong>antiquam</strong></span> <span class='ocrx_word' id='word_1_90' title='bbox 1150 2288 1291 2372; x_wconf 87' lang='lat' dir='ltr'><strong>parandi</strong></span> <span class='ocrx_word' id='word_1_91' title='bbox 1313 2288 1369 2356; x_wconf 94' lang='lat' dir='ltr'><strong>de-</strong></span> 
     </span>
     <span class='ocr_line' id='line_1_15' title="bbox 367 2387 1372 2471; baseline 0 -15"><span class='ocrx_word' id='word_1_92' title='bbox 367 2410 437 2456; x_wconf 93' lang='lat' dir='ltr'><strong>nuo</strong></span> <span class='ocrx_word' id='word_1_93' title='bbox 461 2388 624 2470; x_wconf 89' lang='lat' dir='ltr'><strong>reperisse</strong></span> <span class='ocrx_word' id='word_1_94' title='bbox 649 2423 688 2432; x_wconf 95' lang='lat'><em>-</em></span> <span class='ocrx_word' id='word_1_95' title='bbox 714 2389 761 2458; x_wconf 84' lang='lat' dir='ltr'><strong>ita</strong></span> <span class='ocrx_word' id='word_1_96' title='bbox 787 2395 828 2457; x_wconf 90' lang='lat' dir='ltr'><strong>ut</strong></span> <span class='ocrx_word' id='word_1_97' title='bbox 851 2387 914 2458; x_wconf 89' lang='lat' dir='ltr'><strong>hoc</strong></span> <span class='ocrx_word' id='word_1_98' title='bbox 936 2387 1216 2471; x_wconf 83' lang='lat' dir='ltr'><strong>quinquagenum</strong></span> <span class='ocrx_word' id='word_1_99' title='bbox 1231 2387 1372 2457; x_wconf 88' lang='lat' dir='ltr'><strong>centesi-</strong></span> 
     </span>
     <span class='ocr_line' id='line_1_16' title="bbox 368 2487 1372 2571; baseline 0.002 -15"><span class='ocrx_word' id='word_1_100' title='bbox 368 2509 502 2557; x_wconf 87' lang='lat' dir='ltr'><strong>marum</strong></span> <span class='ocrx_word' id='word_1_101' title='bbox 527 2495 617 2557; x_wconf 89' lang='lat' dir='ltr'><strong>esset</strong></span> <span class='ocrx_word' id='word_1_102' title='bbox 640 2487 841 2557; x_wconf 88' lang='lat' dir='ltr'><strong>virulentiae.</strong></span> <span class='ocrx_word' id='word_1_103' title='bbox 866 2488 950 2556; x_wconf 84' lang='lat' dir='ltr'><strong>Aliis</strong></span> <span class='ocrx_word' id='word_1_104' title='bbox 976 2487 1107 2557; x_wconf 91' lang='lat' dir='ltr'><strong>verbis:</strong></span> <span class='ocrx_word' id='word_1_105' title='bbox 1140 2489 1168 2556; x_wconf 89' lang='lat' dir='ltr'><strong>si</strong></span> <span class='ocrx_word' id='word_1_106' title='bbox 1191 2488 1246 2557; x_wconf 90' lang='lat' dir='ltr'><strong>vel</strong></span> <span class='ocrx_word' id='word_1_107' title='bbox 1269 2488 1372 2571; x_wconf 89' lang='lat' dir='ltr'><strong>parti·</strong></span> 
     </span>
     <span class='ocr_line' id='line_1_17' title="bbox 367 2587 1372 2671; baseline 0.002 -15"><span class='ocrx_word' id='word_1_108' title='bbox 367 2587 479 2656; x_wconf 90' lang='lat' dir='ltr'><strong>culam</strong></span> <span class='ocrx_word' id='word_1_109' title='bbox 493 2595 605 2671; x_wconf 78' lang='lat' dir='ltr'><strong>guttae</strong></span> <span class='ocrx_word' id='word_1_110' title='bbox 620 2588 693 2656; x_wconf 91' lang='lat' dir='ltr'><strong>eius</strong></span> <span class='ocrx_word' id='word_1_111' title='bbox 707 2589 742 2656; x_wconf 95' lang='lat' dir='ltr'><strong>in</strong></span> <span class='ocrx_word' id='word_1_112' title='bbox 757 2588 958 2670; x_wconf 84' lang='lat' dir='ltr'><strong>sanguinem</strong></span> <span class='ocrx_word' id='word_1_113' title='bbox 970 2587 1114 2657; x_wconf 89' lang='lat' dir='ltr'><strong>hominis</strong></span> <span class='ocrx_word' id='word_1_114' title='bbox 1125 2587 1195 2657; x_wconf 90' lang='lat' dir='ltr'><strong>vivi</strong></span> <span class='ocrx_word' id='word_1_115' title='bbox 1206 2587 1372 2669; x_wconf 71' lang='lat' dir='ltr'><strong>intuleris</strong></span> 
     </span>
     <span class='ocr_line' id='line_1_18' title="bbox 371 2687 1369 2772; baseline 0.002 -17"><span class='ocrx_word' id='word_1_116' title='bbox 371 2687 512 2756; x_wconf 90' lang='lat' dir='ltr'><strong>celerius</strong></span> <span class='ocrx_word' id='word_1_117' title='bbox 526 2709 607 2758; x_wconf 91' lang='lat' dir='ltr'><strong>eum</strong></span> <span class='ocrx_word' id='word_1_118' title='bbox 622 2687 752 2758; x_wconf 89' lang='lat' dir='ltr'><strong>occides</strong></span> <span class='ocrx_word' id='word_1_119' title='bbox 777 2710 882 2772; x_wconf 90' lang='lat' dir='ltr'><strong>quam</strong></span> <span class='ocrx_word' id='word_1_120' title='bbox 897 2688 925 2758; x_wconf 92' lang='lat' dir='ltr'><strong>si</strong></span> <span class='ocrx_word' id='word_1_121' title='bbox 940 2688 1076 2770; x_wconf 84' lang='lat' dir='ltr'><strong>glande¹</strong></span> <span class='ocrx_word' id='word_1_122' title='bbox 1103 2709 1182 2756; x_wconf 93' lang='lat' dir='ltr'><strong>eum</strong></span> <span class='ocrx_word' id='word_1_123' title='bbox 1208 2687 1243 2757; x_wconf 93' lang='lat' dir='ltr'><strong>in</strong></span> <span class='ocrx_word' id='word_1_124' title='bbox 1268 2688 1369 2757; x_wconf 91' lang='lat' dir='ltr'><strong>corde</strong></span> 
     </span>
     <span class='ocr_line' id='line_1_19' title="bbox 367 2788 547 2857; baseline 0 -1"><span class='ocrx_word' id='word_1_125' title='bbox 367 2788 547 2857; x_wconf 85' lang='lat' dir='ltr'><strong>feriisses.”</strong></span> 
     </span>
    </p>

    <p class='ocr_par' dir='ltr' id='par_1_4' title="bbox 367 2886 1368 3072">
     <span class='ocr_line' id='line_1_20' title="bbox 450 2886 1368 2972; baseline -0.001 -14"><span class='ocrx_word' id='word_1_126' title='bbox 450 2886 608 2958; x_wconf 89' lang='lat' dir='ltr'><strong>“Nihilne</strong></span> <span class='ocrx_word' id='word_1_127' title='bbox 624 2887 878 2970; x_wconf 83' lang='lat' dir='ltr'><strong>ergohominem</strong></span> <span class='ocrx_word' id='word_1_128' title='bbox 901 2911 1039 2960; x_wconf 90' lang='lat' dir='ltr'><strong>servare</strong></span> <span class='ocrx_word' id='word_1_129' title='bbox 1066 2895 1179 2972; x_wconf 89' lang='lat' dir='ltr'><strong>posset</strong></span> <span class='ocrx_word' id='word_1_130' title='bbox 1189 2887 1226 2959; x_wconf 82' lang='lat'><strong>?&#39;&#39;</strong></span> <span class='ocrx_word' id='word_1_131' title='bbox 1250 2909 1368 2972; x_wconf 84' lang='lat' dir='ltr'><strong>quaero</strong></span> 
     </span>
     <span class='ocr_line' id='line_1_21' title="bbox 367 3009 432 3072; baseline -0.015 -14"><span class='ocrx_word' id='word_1_132' title='bbox 367 3009 432 3072; x_wconf 84' lang='lat' dir='ltr'><strong>ego</strong></span> 
     </span>
    </p>
   </div>
   <div class='ocr_carea' id='block_1_3' title="bbox 365 3087 1369 3573">
    <p class='ocr_par' dir='ltr' id='par_1_5' title="bbox 365 3087 1369 3573">
     <span class='ocr_line' id='line_1_22' title="bbox 450 3087 1369 3172; baseline -0.002 -12"><span class='ocrx_word' id='word_1_133' title='bbox 450 3087 564 3160; x_wconf 87' lang='lat' dir='ltr'><strong>“Nihil</strong></span> <span class='ocrx_word' id='word_1_134' title='bbox 579 3090 725 3159; x_wconf 91' lang='lat' dir='ltr'><strong>omnino.</strong></span> <span class='ocrx_word' id='word_1_135' title='bbox 747 3089 794 3160; x_wconf 88' lang='lat' dir='ltr'><strong>At</strong></span> <span class='ocrx_word' id='word_1_136' title='bbox 809 3111 874 3172; x_wconf 83' lang='lat' dir='ltr'><strong>ego</strong></span> <span class='ocrx_word' id='word_1_137' title='bbox 889 3111 957 3159; x_wconf 92' lang='lat' dir='ltr'><strong>non</strong></span> <span class='ocrx_word' id='word_1_138' title='bbox 973 3089 1117 3158; x_wconf 88' lang='lat' dir='ltr'><strong>dixerim</strong></span> <span class='ocrx_word' id='word_1_139' title='bbox 1131 3109 1271 3172; x_wconf 89' lang='lat' dir='ltr'><strong>prorsus</strong></span> <span class='ocrx_word' id='word_1_140' title='bbox 1295 3087 1369 3158; x_wconf 90' lang='lat' dir='ltr'><strong>fieri</strong></span> 
     </span>
     <span class='ocr_line' id='line_1_23' title="bbox 367 3187 1369 3273; baseline -0.001 -15"><span class='ocrx_word' id='word_1_141' title='bbox 367 3211 435 3259; x_wconf 92' lang='lat' dir='ltr'><strong>non</strong></span> <span class='ocrx_word' id='word_1_142' title='bbox 450 3211 548 3272; x_wconf 91' lang='lat' dir='ltr'><strong>posse</strong></span> <span class='ocrx_word' id='word_1_143' title='bbox 562 3197 603 3260; x_wconf 88' lang='lat' dir='ltr'><strong>ut</strong></span> <span class='ocrx_word' id='word_1_144' title='bbox 617 3190 723 3272; x_wconf 92' lang='lat' dir='ltr'><strong>siquis</strong></span> <span class='ocrx_word' id='word_1_145' title='bbox 738 3189 799 3259; x_wconf 87' lang='lat' dir='ltr'><strong>tibi</strong></span> <span class='ocrx_word' id='word_1_146' title='bbox 814 3189 923 3259; x_wconf 85' lang='lat' dir='ltr'><strong>securi</strong></span> <span class='ocrx_word' id='word_1_147' title='bbox 938 3189 1061 3264; x_wconf 86' lang='lat' dir='ltr'><strong>adstet.</strong></span> <span class='ocrx_word' id='word_1_148' title='bbox 1075 3197 1179 3273; x_wconf 84' lang='lat' dir='ltr'><strong>atque</strong></span> <span class='ocrx_word' id='word_1_149' title='bbox 1194 3187 1284 3257; x_wconf 88' lang='lat' dir='ltr'><strong>intra</strong></span> <span class='ocrx_word' id='word_1_150' title='bbox 1299 3211 1369 3258; x_wconf 81' lang='lat' dir='ltr'><strong>mo</strong></span> 
     </span>
     <span class='ocr_line' id='line_1_24' title="bbox 366 3288 1368 3373; baseline -0.001 -15"><span class='ocrx_word' id='word_1_151' title='bbox 366 3297 531 3373; x_wconf 90' lang='lat' dir='ltr'><strong>mentum,</strong></span> <span class='ocrx_word' id='word_1_152' title='bbox 547 3296 728 3373; x_wconf 79' lang='lat' dir='ltr'><strong>postquam</strong></span> <span class='ocrx_word' id='word_1_153' title='bbox 742 3311 914 3359; x_wconf 89' lang='lat' dir='ltr'><strong>venenum</strong></span> <span class='ocrx_word' id='word_1_154' title='bbox 929 3289 1046 3358; x_wconf 91' lang='lat' dir='ltr'><strong>manui</strong></span> <span class='ocrx_word' id='word_1_155' title='bbox 1059 3295 1132 3358; x_wconf 85' lang='lat' dir='ltr'><strong>tuae</strong></span> <span class='ocrx_word' id='word_1_156' title='bbox 1145 3288 1299 3358; x_wconf 82' lang='lat' dir='ltr'><strong>infusum</strong></span> <span class='ocrx_word' id='word_1_157' title='bbox 1314 3289 1368 3357; x_wconf 85' lang='lat' dir='ltr'><strong>fu·</strong></span> 
     </span>
     <span class='ocr_line' id='line_1_25' title="bbox 366 3387 1367 3472; baseline -0.003 -12"><span class='ocrx_word' id='word_1_158' title='bbox 366 3390 441 3472; x_wconf 89' lang='lat' dir='ltr'><strong>erit,</strong></span> <span class='ocrx_word' id='word_1_159' title='bbox 453 3389 630 3460; x_wconf 90' lang='lat' dir='ltr'><strong>brachium</strong></span> <span class='ocrx_word' id='word_1_160' title='bbox 646 3391 788 3460; x_wconf 91' lang='lat' dir='ltr'><strong>humero</strong></span> <span class='ocrx_word' id='word_1_161' title='bbox 804 3396 906 3459; x_wconf 89' lang='lat' dir='ltr'><strong>tenus</strong></span> <span class='ocrx_word' id='word_1_162' title='bbox 920 3387 1116 3470; x_wconf 90' lang='lat' dir='ltr'><strong>decusserit,</strong></span> <span class='ocrx_word' id='word_1_163' title='bbox 1129 3388 1257 3458; x_wconf 88' lang='lat' dir='ltr'><strong>nullam</strong></span> <span class='ocrx_word' id='word_1_164' title='bbox 1272 3411 1367 3472; x_wconf 89' lang='lat' dir='ltr'><strong>spem</strong></span> 
     </span>
     <span class='ocr_line' id='line_1_26' title="bbox 365 3487 1367 3573; baseline 0.001 -16"><span class='ocrx_word' id='word_1_165' title='bbox 365 3489 448 3560; x_wconf 87' lang='lat' dir='ltr'><strong>vitae</strong></span> <span class='ocrx_word' id='word_1_166' title='bbox 462 3511 656 3573; x_wconf 86' lang='lat' dir='ltr'><strong>superesse;</strong></span> <span class='ocrx_word' id='word_1_167' title='bbox 672 3511 794 3560; x_wconf 93' lang='lat' dir='ltr'><strong>verum</strong></span> <span class='ocrx_word' id='word_1_168' title='bbox 809 3489 843 3558; x_wconf 94' lang='lat' dir='ltr'><strong>id</strong></span> <span class='ocrx_word' id='word_1_169' title='bbox 857 3489 1017 3558; x_wconf 88' lang='lat' dir='ltr'><strong>citissime</strong></span> <span class='ocrx_word' id='word_1_170' title='bbox 1032 3489 1105 3558; x_wconf 87' lang='lat' dir='ltr'><strong>fieri</strong></span> <span class='ocrx_word' id='word_1_171' title='bbox 1120 3487 1268 3570; x_wconf 88' lang='lat' dir='ltr'><strong>deberet,</strong></span> <span class='ocrx_word' id='word_1_172' title='bbox 1284 3489 1367 3572; x_wconf 90' lang='lat' dir='ltr'><strong>quin</strong></span> 
     </span>
    </p>
   </div>
   <div class='ocr_carea' id='block_1_4' title="bbox 362 3705 1368 4278">
    <p class='ocr_par' dir='ltr' id='par_1_6' title="bbox 362 3705 1368 4278">
     <span class='ocr_line' id='line_1_27' title="bbox 466 3705 1368 3774; baseline -0.001 -14"><span class='ocrx_word' id='word_1_173' title='bbox 466 3709 489 3760; x_wconf 89' lang='lat'><strong>1.</strong></span> <span class='ocrx_word' id='word_1_174' title='bbox 508 3705 610 3770; x_wconf 78' lang='lat' dir='ltr'><strong>Glana,</strong></span> <span class='ocrx_word' id='word_1_175' title='bbox 637 3705 706 3771; x_wconf 80' lang='lat' dir='ltr'><strong>-dia,</strong></span> <span class='ocrx_word' id='word_1_176' title='bbox 726 3708 757 3770; x_wconf 80' lang='lat' dir='ltr'><strong>f,</strong></span> <span class='ocrx_word' id='word_1_177' title='bbox 778 3707 885 3774; x_wconf 88' lang='lat' dir='ltr'><strong>proprie</strong></span> <span class='ocrx_word' id='word_1_178' title='bbox 906 3707 1014 3759; x_wconf 77' lang='lat' dir='ltr'><strong>tructus</strong></span> <span class='ocrx_word' id='word_1_179' title='bbox 1032 3721 1197 3772; x_wconf 82' lang='lat' dir='ltr'><strong>quercuum:</strong></span> <span class='ocrx_word' id='word_1_180' title='bbox 1216 3705 1311 3772; x_wconf 77' lang='lat' dir='ltr'><strong>lingua</strong></span> <span class='ocrx_word' id='word_1_181' title='bbox 1329 3711 1368 3759; x_wconf 84' lang='lat' dir='ltr'><strong>ta-</strong></span> 
     </span>
     <span class='ocr_line' id='line_1_28' title="bbox 367 3789 1366 3858; baseline -0.003 -13"><span class='ocrx_word' id='word_1_182' title='bbox 367 3807 430 3844; x_wconf 89' lang='lat' dir='ltr'><strong>men</strong></span> <span class='ocrx_word' id='word_1_183' title='bbox 443 3791 557 3843; x_wconf 87' lang='lat' dir='ltr'><strong>militari</strong></span> <span class='ocrx_word' id='word_1_184' title='bbox 571 3797 613 3843; x_wconf 86' lang='lat' dir='ltr'><strong>est</strong></span> <span class='ocrx_word' id='word_1_185' title='bbox 625 3791 731 3858; x_wconf 85' lang='lat' dir='ltr'><strong>argilla,</strong></span> <span class='ocrx_word' id='word_1_186' title='bbox 745 3791 893 3858; x_wconf 78' lang='lat' dir='ltr'><strong>saepissime</strong></span> <span class='ocrx_word' id='word_1_187' title='bbox 905 3791 1053 3856; x_wconf 89' lang='lat' dir='ltr'><strong>plumbum,</strong></span> <span class='ocrx_word' id='word_1_188' title='bbox 1075 3789 1105 3841; x_wconf 91' lang='lat' dir='ltr'><strong>in</strong></span> <span class='ocrx_word' id='word_1_189' title='bbox 1126 3789 1244 3854; x_wconf 86' lang='lat' dir='ltr'><strong>speciem</strong></span> <span class='ocrx_word' id='word_1_190' title='bbox 1258 3789 1366 3854; x_wconf 86' lang='lat' dir='ltr'><strong>glandis</strong></span> 
     </span>
     <span class='ocr_line' id='line_1_29' title="bbox 366 3873 1366 3940; baseline -0.002 -13"><span class='ocrx_word' id='word_1_191' title='bbox 366 3876 470 3936; x_wconf 88' lang='lat' dir='ltr'><strong>fictum,</strong></span> <span class='ocrx_word' id='word_1_192' title='bbox 483 3875 562 3927; x_wconf 87' lang='lat' dir='ltr'><strong>cuius</strong></span> <span class='ocrx_word' id='word_1_193' title='bbox 573 3891 701 3940; x_wconf 76' lang='lat' dir='ltr'><strong>magnam</strong></span> <span class='ocrx_word' id='word_1_194' title='bbox 710 3875 815 3940; x_wconf 87' lang='lat' dir='ltr'><strong>copiam</strong></span> <span class='ocrx_word' id='word_1_195' title='bbox 827 3875 983 3926; x_wconf 82' lang='lat' dir='ltr'><strong>funditores</strong></span> <span class='ocrx_word' id='word_1_196' title='bbox 996 3873 1112 3925; x_wconf 89' lang='lat' dir='ltr'><strong>Romani</strong></span> <span class='ocrx_word' id='word_1_197' title='bbox 1123 3873 1153 3923; x_wconf 91' lang='lat' dir='ltr'><strong>in</strong></span> <span class='ocrx_word' id='word_1_198' title='bbox 1166 3873 1258 3925; x_wconf 85' lang='lat' dir='ltr'><strong>hostes</strong></span> <span class='ocrx_word' id='word_1_199' title='bbox 1271 3873 1366 3926; x_wconf 80' lang='lat' dir='ltr'><strong>fundis</strong></span> 
     </span>
     <span class='ocr_line' id='line_1_30' title="bbox 365 3956 1365 4023; baseline -0.003 -12"><span class='ocrx_word' id='word_1_200' title='bbox 365 3957 478 4011; x_wconf 85' lang='lat' dir='ltr'><strong>iaculari</strong></span> <span class='ocrx_word' id='word_1_201' title='bbox 490 3964 699 4010; x_wconf 86' lang='lat' dir='ltr'><strong>consueverunt.</strong></span> <span class='ocrx_word' id='word_1_202' title='bbox 712 3959 831 4011; x_wconf 86' lang='lat' dir='ltr'><strong>Glandes</strong></span> <span class='ocrx_word' id='word_1_203' title='bbox 843 3957 976 4023; x_wconf 84' lang='lat' dir='ltr'><strong>plumbeae</strong></span> <span class='ocrx_word' id='word_1_204' title='bbox 990 3956 1146 4008; x_wconf 88' lang='lat' dir='ltr'><strong>huiusmodi</strong></span> <span class='ocrx_word' id='word_1_205' title='bbox 1164 3961 1278 4020; x_wconf 77' lang='lat' dir='ltr'><strong>repertae</strong></span> <span class='ocrx_word' id='word_1_206' title='bbox 1300 3963 1365 4008; x_wconf 89' lang='lat' dir='ltr'><strong>sunt</strong></span> 
     </span>
     <span class='ocr_line' id='line_1_31' title="bbox 364 4039 1363 4106; baseline -0.002 -12"><span class='ocrx_word' id='word_1_207' title='bbox 364 4043 403 4094; x_wconf 89' lang='lat' dir='ltr'><strong>sic</strong></span> <span class='ocrx_word' id='word_1_208' title='bbox 418 4041 558 4106; x_wconf 71' lang='lat' dir='ltr'><strong>inscriptae</strong></span> <span class='ocrx_word' id='word_1_209' title='bbox 572 4041 619 4104; x_wconf 88' lang='grc' dir='ltr'><strong>(Ο,</strong></span> <span class='ocrx_word' id='word_1_210' title='bbox 633 4041 704 4104; x_wconf 84' lang='lat' dir='ltr'><strong>Dea)</strong></span> <span class='ocrx_word' id='word_1_211' title='bbox 717 4043 803 4094; x_wconf 75' lang='lat' dir='ltr'><strong>Roun</strong></span> <span class='ocrx_word' id='word_1_212' title='bbox 816 4043 893 4102; x_wconf 76' lang='lat' dir='ltr'><strong>Fam,</strong></span> <span class='ocrx_word' id='word_1_213' title='bbox 909 4057 1006 4105; x_wconf 87' lang='lat' dir='ltr'><strong>nempe</strong></span> <span class='ocrx_word' id='word_1_214' title='bbox 1020 4040 1134 4092; x_wconf 89' lang='lat' dir='ltr'><strong>hostem.</strong></span> <span class='ocrx_word' id='word_1_215' title='bbox 1150 4039 1267 4091; x_wconf 89' lang='lat' dir='ltr'><strong>Proinde</strong></span> <span class='ocrx_word' id='word_1_216' title='bbox 1279 4040 1363 4092; x_wconf 89' lang='lat' dir='ltr'><strong>etiam</strong></span> 
     </span>
     <span class='ocr_line' id='line_1_32' title="bbox 364 4123 1362 4191; baseline -0.002 -14"><span class='ocrx_word' id='word_1_217' title='bbox 364 4125 477 4191; x_wconf 80' lang='lat' dir='ltr'><strong>globuli,</strong></span> <span class='ocrx_word' id='word_1_218' title='bbox 490 4141 559 4191; x_wconf 84' lang='lat' dir='ltr'><strong>quos</strong></span> <span class='ocrx_word' id='word_1_219' title='bbox 569 4125 671 4176; x_wconf 81' lang='lat' dir='ltr'><strong>milites</strong></span> <span class='ocrx_word' id='word_1_220' title='bbox 682 4125 805 4177; x_wconf 84' lang='lat' dir='ltr'><strong>moderni</strong></span> <span class='ocrx_word' id='word_1_221' title='bbox 818 4141 834 4176; x_wconf 89' lang='lat' dir='ltr'><strong>e</strong></span> <span class='ocrx_word' id='word_1_222' title='bbox 846 4123 974 4188; x_wconf 88' lang='lat' dir='ltr'><strong>sclopetis</strong></span> <span class='ocrx_word' id='word_1_223' title='bbox 985 4123 1173 4188; x_wconf 88' lang='lat' dir='ltr'><strong>sclopellisque</strong></span> <span class='ocrx_word' id='word_1_224' title='bbox 1184 4123 1362 4184; x_wconf 83' lang='lat' dir='ltr'><strong>eiaculantur,</strong></span> 
     </span>
     <span class='ocr_line' id='line_1_33' title="bbox 362 4205 1128 4278; baseline -0.003 -16"><span class='ocrx_word' id='word_1_225' title='bbox 362 4223 446 4278; x_wconf 82' lang='lat' dir='ltr'><strong>quum</strong></span> <span class='ocrx_word' id='word_1_226' title='bbox 459 4213 487 4262; x_wconf 81' lang='lat' dir='ltr'><strong>et</strong></span> <span class='ocrx_word' id='word_1_227' title='bbox 499 4207 588 4274; x_wconf 81' lang='lat' dir='ltr'><strong>specie</strong></span> <span class='ocrx_word' id='word_1_228' title='bbox 601 4208 648 4260; x_wconf 82' lang='lat' dir='ltr'><strong>vix</strong></span> <span class='ocrx_word' id='word_1_229' title='bbox 659 4207 797 4270; x_wconf 79' lang='lat' dir='ltr'><strong>differant,</strong></span> <span class='ocrx_word' id='word_1_230' title='bbox 809 4205 931 4274; x_wconf 70' lang='lat' dir='ltr'><strong>plaudes</strong></span> <span class='ocrx_word' id='word_1_231' title='bbox 948 4207 1128 4273; x_wconf 82' lang='lat' dir='ltr'><strong>appellantur.</strong></span> 
     </span>
    </p>
   </div>
   <div class='ocr_carea' id='block_1_5' title="bbox 0 0 1782 5156">
    <p class='ocr_par' dir='ltr' id='par_1_7' title="bbox 0 0 1782 5156">
     <span class='ocr_line' id='line_1_34' title="bbox 0 0 1782 5156; baseline 0 3"><span class='ocrx_word' id='word_1_232' title='bbox 0 0 1782 5156; x_wconf 95' lang='lat' dir='ltr'><strong> </strong></span> 
     </span>
    </p>
   </div>
  </div>
 </body>
</html>
