3554 5156
717 899 1023 958 marnensium
1311 889 1372 960 113

372 1071 542 1141 fenestras
557 1070 666 1140 cernis
681 1069 906 1141 obtabulatas.
938 1069 1027 1140 Arca
1042 1069 1076 1140 in
1091 1070 1247 1141 cubiculo
1265 1094 1373 1156 angu-

372 1171 434 1242 lari
449 1177 502 1242 est
515 1205 556 1216 -
571 1171 620 1240 cis
633 1192 704 1241 una
719 1177 771 1240 est
785 1171 947 1253 fenestra,
961 1170 1047 1240 citra
1062 1179 1143 1240 sunt
1157 1172 1266 1241 duae.”

460 1269 648 1354 “Exspecta
662 1270 763 1339 modo
776 1270 859 1339 dum
875 1270 1067 1340 accuratius
1077 1271 1307 1354 perspiciam,'’
1317 1295 1372 1345 me

373 1377 499 1452 monet,
514 1370 703 1453 humilique
725 1369 913 1454 sepimento
935 1376 1105 1454 superato,
1129 1372 1229 1440 celeri
1252 1394 1372 1455 gressu

373 1470 563 1555 praeterivit
577 1469 703 1540 aedium
716 1471 867 1540 frontem
881 1477 917 1539 et
931 1469 1048 1552 latera,
1059 1472 1225 1554 angulum
1235 1480 1374 1554 praeter·

374 1592 522 1656 gressus
544 1569 644 1640 Haud
661 1570 737 1653 plus
751 1592 822 1639 uno
842 1570 975 1639 minuto
1000 1570 1123 1640 abluit.
1160 1570 1281 1641 “Salva
1304 1595 1373 1642 om·

372 1671 461 1754 nia,”
476 1669 643 1740 submissa
656 1691 750 1753 voce,
765 1671 932 1739 allevatus
946 1669 1059 1738 animo
1075 1671 1303 1741 renuntiabat.

408 1801 412 1810 ·
458 1769 606 1854 “Utique
621 1777 703 1841 sunt
717 1771 812 1840 salva
825 1777 861 1839 et
875 1777 963 1840 tuta.
984 1769 1085 1840 Certe
1099 1770 1160 1840 tibi
1177 1771 1289 1842 visum
1304 1795 1372 1844 non

374 1877 426 1942 est
440 1870 503 1917 -Ἰ

457 1969 511 2042 “si
536 1993 615 2041 arca
638 1969 673 2039 id
699 1969 789 2054 quod
812 1969 932 2053 putavi
954 1970 1051 2051 celat,
1067 1972 1186 2041 Lester
1200 2007 1242 2017 -
1258 1974 1373 2056 quin,'’

374 2071 551 2155 subiungit
564 2071 685 2152 acrius,
700 2091 776 2139 meo
791 2070 916 2140 obtutu
931 2070 1179 2154 animadverso,
1205 2072 1316 2156 “quod
1338 2080 1374 2143 et

373 2192 465 2242 nunc
479 2171 580 2242 credo
594 2192 670 2240 earn
684 2170 794 2240 celare
809 2203 851 2217 -
866 2177 945 2239 tuta
958 2177 993 2239 et
1009 2171 1103 2240 salva
1124 2173 1189 2242 sub
1212 2174 1374 2244 robustis·

374 2274 458 2344 simo
471 2271 601 2343 fornice
615 2271 830 2353 Argentariae
845 2273 1035 2343 Nationalis
1062 2274 1211 2344 Urbanae
1231 2296 1299 2343 non
1324 2297 1375 2346 es·

373 2373 456 2456 set,’'
472 2372 597 2456 quibus
612 2369 709 2440 dictis
724 2379 764 2441 ut
779 2373 949 2455 pulsarem
963 2373 1085 2443 innuit

457 2471 560 2542 Parui
575 2470 688 2540 silens.

457 2572 566 2642 Parks
580 2573 655 2640 fere
670 2579 842 2642 momento
867 2574 939 2656 ipse
961 2573 1150 2656 adaperuit,
1172 2575 1270 2645 cuius
1293 2596 1313 2644 e
1338 2575 1374 2644 li-

373 2672 563 2745 neamentis
577 2671 676 2741 facile
691 2671 841 2742 divinavi
857 2695 961 2755 quarn
976 2693 1039 2742 nos
1064 2673 1211 2744 videndo
1233 2675 1374 2757 gavisus

373 2775 427 2846 sit.

457 2873 583 2957 “Heus,
598 2873 645 2942 mi
660 2873 798 2957 Parks,'’
812 2873 965 2957 alloquor
979 2875 1153 2944 eumdum
1164 2876 1264 2958 intra
1281 2874 1374 2960 “spe

375 2998 413 3046 ro
427 2976 482 3047 hic
497 2981 621 3045 cuncta
635 2995 795 3058 prospere
810 2973 914 3056 geri.”

458 3074 645 3158 “Prospera
660 3073 783 3154 omnia,
798 3073 844 3142 mi
859 3073 981 3155 Here,”
997 3073 1180 3158 respondit.
1216 3073 1302 3146 “Sed
1324 3084 1374 3146 ta·

374 3199 453 3248 men
468 3197 594 3246 nervos
608 3180 743 3244 nostros
758 3174 925 3243 tentant.'’

458 3277 593 3346 Interea
621 3273 705 3343 dum
733 3275 855 3342 laenam
885 3273 1099 3356 pendendam
1127 3275 1235 3346 Parks
1264 3277 1372 3376 trad0‚

374 3383 508 3449 motum
522 3396 610 3459 pone
624 3395 678 3443 me
694 3373 849 3456 percipio,
865 3381 900 3443 et
913 3396 1098 3444 conversus
1119 3375 1217 3445 video
1243 3377 1373 3460 Rogers

374 3479 409 3548 in
424 3475 558 3547 carnula
572 3474 755 3544 sedentem.

458 3575 574 3646 “Heus
587 3575 654 3657 te,’'
669 3573 821 3656 alloquor
836 3595 926 3656 eum,
943 3571 1074 3644 “iamne
1085 3575 1225 3645 circuire
1238 3577 1371 3648 vales?”

458 3676 593 3756 “Vale0‚
607 3673 728 3755 Here,”
743 3671 927 3756 respondit,
942 3695 1005 3742 nec
1017 3695 1072 3744 me
1082 3675 1282 3758 aspiciendo.
1294 3675 1372 3746 “Sa-

375 3779 444 3848 tius
457 3773 647 3846 existimavi
662 3773 865 3843 descendere
880 3779 916 3842 et
930 3773 965 3841 in
981 3773 1140 3843 societate
1167 3775 1275 3844 Parks
1300 3798 1374 3846 ver-

375 3878 472 3950 sarL„

458 3977 566 4048 Parks
578 3974 747 4059 paulisper
761 3973 987 4042 amariuscule
1002 3974 1149 4044 subrisit.

458 4076 577 4162 “Quod
592 4097 657 4159 ego
671 4074 706 4143 id
719 4073 878 4156 expetivi,
907 4073 997 4142 Here
1021 4073 1170 4157 Lester,”
1194 4077 1251 4145 ait.
1289 4075 1372 4146 “Hic

374 4179 466 4252 enim
479 4179 563 4250 adeo
578 4176 688 4248 solum
702 4195 757 4243 me
772 4173 861 4244 sensi
876 4180 917 4244 ut
931 4173 1079 4256 aliquem
1105 4174 1159 4245 vel
1182 4177 1285 4246 solius
1307 4179 1372 4260 col·
