3502 5158
641 888 779 943 sooms
799 887 1041 942 emersurum
1298 870 1338 942 71

341 1077 420 1128 cum
434 1055 475 1126 iis
488 1077 572 1126 voce
587 1055 754 1127 submissa
768 1055 1032 1140 colloquebatur.
1052 1053 1143 1125 Tum
1157 1054 1201 1125 ad
1225 1053 1340 1140 Grady

343 1179 378 1228 se
391 1157 577 1228 convertit:

425 1271 572 1343 “Doctor
600 1273 882 1357 Freylinghuisen
912 1261 1033 1344 asserit
1062 1273 1218 1343 examine
1253 1271 1341 1357 ‘post

342 1375 496 1443 mortem’
512 1395 599 1458 opus
612 1396 681 1443 non
696 1374 801 1457 esse,''
815 1374 936 1457 inquit.
954 1371 1102 1445 “Indicia
1115 1374 1235 1444 mortis
1248 1375 1340 1444 omni

341 1496 485 1544 numero
498 1475 618 1544 eadem
633 1496 801 1545 esserum
822 1473 953 1544 indiciis
975 1474 1095 1544 mortis
1119 1474 1259 1544 alterius
1280 1475 1340 1544 ho

341 1575 450 1658 minis,
466 1575 525 1658 qui
540 1581 617 1658 post
630 1575 805 1645 meridiem
819 1574 873 1644 hic
895 1573 1025 1644 occisus
1047 1581 1107 1644 est.
1146 1574 1341 1658 Utrumque

342 1675 461 1744 eodem
475 1697 602 1758 genere
616 1675 735 1745 mortis
750 1674 924 1745 sublatum
938 1696 1013 1744 esse
1026 1674 1062 1744 in
1078 1673 1222 1745 dubium
1245 1696 1342 1745 revo

342 1775 409 1844 cari
424 1796 493 1844 non
507 1797 614 1858 posse.
637 1776 725 1845 Item
748 1775 792 1844 ad
816 1775 1014 1844 relationem
1038 1773 1190 1844 ciusdem
1214 1775 1342 1845 tenon's

342 1874 614 1958 perscribendam
630 1897 665 1944 se
681 1882 840 1958 paratum
855 1895 929 1945 esse
943 1874 1026 1945 ait.''

424 1989 539 2061 “Bene
554 2013 609 2060 res
623 2013 659 2060 se
675 1990 813 2068 habet‚''
829 1990 951 2073 probat
966 1989 1091 2074 Grady.
1113 1987 1265 2061 “Poterit
1281 1991 1342 2061 ita·

342 2112 409 2173 que
422 2091 570 2161 cadaver
583 2091 738 2176 cognatis
750 2091 871 2161 tradi.''

425 2205 539 2277 “Nulli
555 2215 637 2278 sunt
650 2208 817 2291 cognati,”
832 2207 1009 2292 interpello
1023 2229 1098 2291 ego;
1107 2206 1249 2277 “saltem
1263 2230 1340 2279 con·

342 2307 519 2391 sanguinei
534 2308 627 2378 nulli.
648 2308 797 2379 Vantine
811 2329 883 2378 suae
907 2309 1073 2392 prosapiae
1095 2308 1165 2378 fuit
1187 2308 1340 2380 ultimus.

342 2407 430 2478 Casu
463 2414 565 2477 teneo
594 2415 749 2479 nostrum
780 2409 989 2479 consortium
1019 2414 1254 2478 exsecutorem
1288 2409 1340 2478 sui

343 2529 416 2577 esse
449 2508 657 2590 testamenti,
681 2509 832 2592 proinde,
863 2509 890 2578 si
918 2508 1002 2578 nihil
1032 2507 1154 2591 obstet,
1177 2507 1344 2579 bonorum

343 2607 493 2677 omnium
508 2607 832 2678 administrationem
847 2608 1058 2692 suscipiam.'’

425 2723 571 2806 “Placet,
587 2724 677 2794 Here
692 2725 843 2807 Lester,”
856 2725 983 2795 iterum
1007 2725 1130 2808 probat
1150 2723 1275 2807 Grady,
1300 2746 1340 2794 ac

341 2846 397 2894 me
411 2824 593 2908 contuitus,
608 2823 773 2894 “Notaene
784 2825 846 2896 tibi
868 2832 951 2895 sunt
977 2826 1070 2908 leges
1091 2825 1292 2895 testamenti
1303 2825 1340 2894 l”

342 2925 475 3008 quaerit

425 3022 534 3094 “Sunt
548 3026 671 3095 notae.’'

425 3123 498 3194 “Ex
523 3123 649 3194 obtutu
673 3125 796 3195 harum
825 3124 1057 3196 conditionum
1089 3145 1342 3207 quemquamne

341 3224 529 3308 cognovisti
543 3224 599 3295 cui
613 3225 762 3296 Vantine
776 3247 868 3296 mors
883 3225 1045 3295 beneficio
1060 3245 1133 3294 esse
1148 3232 1262 3308 posset
1268 3225 1303 3296 ?”

425 3340 563 3411 “Licere
588 3342 671 3411 mihi
695 3343 842 3413 arbitror
865 3343 928 3412 tibi
950 3342 1013 3412 has
1042 3342 1136 3424 leges
1158 3341 1341 3424 revelare,''

342 3441 498 3524 respondi
523 3442 570 3511 illi
589 3449 665 3525 post
688 3465 798 3526 pauca
820 3449 1002 3514 momenta.
1025 3441 1201 3524 “Demptis
1224 3441 1341 3525 paucis

342 3541 462 3625 legatis
477 3562 540 3625 pro
554 3541 625 3612 suis
639 3543 788 3625 famulis,
803 3550 927 3614 cuncta
942 3564 1005 3612 sua
1021 3541 1110 3612 bona
1136 3541 1255 3612 Museo
1270 3541 1340 3611 Me·

341 3641 544 3726 tropolitqno
559 3643 676 3712 relicta
690 3645 802 3712 sunt.”

424 3757 510 3828 “Per
525 3759 703 3842 longiusne
718 3767 855 3843 tempus
869 3761 916 3830 illi
929 3760 1102 3831 consultor
1115 3757 1255 3828 fuisti‘l”

424 3856 512 3927 “Per
525 3859 651 3929 multos
664 3881 772 3929 annos
782 3861 907 3938 iurium
919 3859 1128 3931 consultores
1139 3857 1169 3926 ei
1178 3857 1339 3927 fuimus.”

385 4059 392 4073 ·
424 3955 650 4088 “linquanme
674 3959 835 4030 audivisti
860 3960 907 4030 illi
933 3979 1141 4042 quemquam
1166 3957 1339 4026 infensum

341 4059 663 4242 nummum?
686 4159 814 4244 absque
843 4181 939 4230 mora
953 4159 999 4229 illi
1014 4155 1192 4240 respondi;
1214 4153 1340 4239 “quan-
