3536 5156
444 887 506 958 158
704 905 915 960 ursmarum
936 905 1045 961 naon
1065 900 1185 962 Boura

440 1071 563 1154 puella,
577 1073 671 1144 unde
685 1095 750 1156 ego
765 1074 952 1143 coniectari
962 1075 1110 1157 puellam
1122 1073 1164 1144 de
1174 1096 1211 1145 se
1221 1074 1332 1158 magis
1341 1095 1445 1159 quam

440 1171 482 1241 de
498 1173 605 1242 amico
621 1173 800 1243 sollicitari.
817 1174 919 1243 Herae
933 1196 1070 1258 quoque
1085 1175 1175 1245 idem
1190 1175 1375 1245 occurrisse
1388 1195 1446 1245 ve·

439 1271 584 1342 rosimile
598 1279 682 1356 erat,
697 1295 777 1343 nam
792 1296 861 1343 vox
875 1273 948 1344 eius
963 1275 1113 1358 asperior
1126 1275 1201 1344 lieri
1216 1275 1328 1359 coepit.

524 1387 656 1459 “Tenta
670 1389 801 1472 m0d0,”
822 1391 1005 1474 respondit.
1028 1390 1116 1461 “Fac
1141 1391 1246 1474 probe
1272 1391 1443 1461 intellexe-

438 1487 494 1570 ris,
508 1488 690 1560 fatendum
705 1490 767 1561 tibi
782 1513 858 1562 esse
876 1525 910 1536 —
929 1491 956 1560 si
970 1491 1025 1561 hic
1040 1492 1164 1573 minua,
1178 1498 1254 1562 tum
1265 1512 1379 1561 coram
1393 1491 1445 1560 of·

438 1586 538 1657 ticiali
554 1589 716 1659 lictorio.'’

524 1703 615 1789 “Vae,
637 1705 728 1777 absit
737 1706 765 1775 !”
796 1708 949 1778 clamitat
977 1708 1071 1791 lulia,
1097 1707 1210 1778 subito
1235 1729 1271 1777 se
1298 1707 1442 1790 erigens.

438 1802 515 1874 “Dii
530 1805 687 1876 meliora!
701 1807 736 1876 id
751 1807 832 1877 viva
846 1830 915 1878 non
927 1807 1148 1878 sustinerem!
1164 1808 1255 1878 Hera
1265 1828 1443 1890 nunquam

439 1910 511 1974 lam
526 1906 617 1976 foret
631 1906 776 1977 crudelis
785 1907 815 1976 l’'

523 2021 635 2106 “Ergo
650 2024 762 2094 fatere
776 2046 867 2095 nunc
876 2024 905 2094 l”
927 2024 1069 2095 mandat
1084 2032 1241 2095 matrona
1255 2025 1369 2094 velata
1382 2025 1443 2093 im·

440 2143 651 2193 miseneons.

523 2237 626 2310 “Esto
640 2247 679 2311 ut
694 2243 758 2322 vis,
774 2241 866 2311 Hera
876 2241 905 2310 !”
927 2242 1051 2314 clamat
1076 2243 1198 2327 puella,
1214 2242 1361 2312 mucinio
1375 2250 1442 2313 ter·

439 2339 545 2408 sitans
571 2340 696 2424 oculos,
726 2341 843 2424 lingua
863 2343 987 2425 locuta,
1013 2365 1092 2426 quae
1121 2343 1245 2427 partim
1271 2343 1442 2425 Francica,

438 2439 563 2521 partim
577 2440 729 2524 Anglica‚
744 2448 864 2524 utpote
878 2463 983 2524 quam
999 2442 1112 2513 minus
1126 2451 1283 2514 aecurate
1295 2445 1441 2514 calleret.

437 2537 616 2609 “Narrabo
641 2562 724 2624 ergo
749 2542 886 2624 quando
910 2544 959 2612 ita
981 2545 1036 2614 vis
1056 2543 1178 2613 omnia.
1196 2544 1335 2627 Proprie
1351 2543 1441 2613 enim

440 2660 508 2708 non
523 2661 600 2710 mea
614 2641 683 2710 fuit
698 2643 807 2724 culpa.
831 2643 889 2711 llle
915 2643 943 2712 is
964 2643 1042 2713 fuit.
1064 2645 1143 2714 Non
1159 2644 1272 2712 amavi
1286 2679 1328 2690 -
1342 2643 1441 2713 timui

443 2761 533 2808 eum.
556 2740 730 2811 Potestate
756 2762 860 2825 super
873 2764 929 2812 me
953 2743 1109 2826 pollebat.
1142 2743 1283 2814 Efficere
1308 2750 1444 2826 poterat

438 2846 478 2908 ut
492 2843 607 2910 omnia
622 2847 803 2924 patrarem.
826 2843 901 2926 Ipse
917 2844 1022 2914 etiam
1046 2843 1243 2914 verberavit
1267 2842 1338 2913 me!
1367 2843 1442 2926 Ego

437 2947 553 3010 tamen
568 2940 611 3010 ad
627 2963 706 3011 eum
721 2962 832 3024 usque
846 2943 957 3012 redivi
968 2943 996 3012 !'’

524 3039 610 3124 “Qui
625 3041 812 3112 vocabatur
821 3043 857 3112 ?'’
872 3045 997 3127 quaerit
1012 3051 1168 3114 matrona
1183 3044 1305 3114 velata

522 3157 737 3229 “Vocabatur
752 3160 921 3242 Georgius
935 3160 1066 3231 Drouet
1078 3195 1117 3206 —
1130 3161 1307 3231 habitabat
1321 3160 1385 3230 Via
1398 3160 1441 3230 de

438 3258 471 3326 la
486 3257 669 3341 Huchette‚
685 3259 776 3329 haud
791 3262 909 3342 procul
924 3283 945 3330 a
959 3261 1024 3331 Via
1046 3261 1162 3332 Sancti
1184 3261 1294 3331 lacobi
1309 3297 1350 3306 -
1363 3281 1441 3330 con·

438 3358 627 3440 tignatione
642 3380 811 3443 suprema,
827 3360 863 3429 in
877 3361 1081 3444 subteglino.
1106 3361 1183 3444 Ipse
1197 3382 1347 3445 nequam
1371 3360 1440 3430 fuit

436 3494 477 3502 —
492 3479 641 3540 nequam
656 3459 725 3529 fuit
742 3495 780 3504 -
795 3482 815 3528 e
830 3467 964 3542 quaestu
980 3461 1162 3530 mulierum
1176 3461 1269 3531 vixit.
1286 3461 1439 3531 Primum

437 3564 518 3627 ante
533 3581 593 3628 sex
607 3580 741 3628 menses
756 3581 836 3630 eum
849 3561 1001 3630 conveni.
1024 3561 1184 3631 Mulieres
1198 3562 1366 3630 fascinare
1380 3581 1439 3629 no

437 3659 508 3738 vit;
530 3680 611 3729 eum
626 3681 681 3728 me
696 3661 811 3742 magni
828 3661 943 3730 faeere
958 3660 1087 3743 putavi.
1110 3661 1196 3730 Dein
1217 3660 1396 3744 pecuniam
1417 3681 1438 3729 a

436 3779 492 3828 me
506 3766 665 3830 mutuam
679 3766 796 3842 petere
810 3759 946 3843 incepit,
961 3761 1068 3831 donec
1083 3783 1218 3831 omnem
1233 3783 1337 3846 quam
1351 3781 1441 3831 com·

437 3859 572 3941 parcavi
589 3859 720 3939 elicuit;
742 3865 818 3928 tum
842 3861 987 3930 annulos
1011 3882 1105 3930 meos
1128 3897 1169 3906 —
1190 3882 1310 3930 omnes
1324 3867 1361 3930 et
1374 3861 1440 3930 sin·

436 3959 534 4040 gulos
545 3956 574 4026 !''
595 3959 743 4029 Sublatis
758 3965 833 4028 tum
848 3959 1006 4029 manibus
1020 3961 1205 4030 ostentavit
1230 3960 1356 4044 digitos
1381 3981 1439 4029 va·

437 4079 528 4128 euos.
552 4057 652 4128 “Mox
669 4112 676 4129 .
694 4112 701 4127 .
719 4059 748 4128 .’'

514 4175 577 4246 Hic
592 4175 744 4246 substitit
758 4176 946 4259 heramque
960 4177 1160 4260 aspectavit.
