3554 5156
723 927 1028 982 rnAEnAmnonus
1311 913 1372 981 111

371 1096 495 1180 partim
510 1095 738 1166 miserescens.
761 1097 923 1165 Miserum
939 1096 1029 1165 enim
1045 1102 1119 1164 erat
1134 1096 1293 1165 futurum
1315 1117 1374 1164 no

260 1285 266 1297 ⁴
371 1197 460 1266 visse
475 1204 516 1266 ut
531 1218 594 1265 sua
609 1196 820 1266 theoremata
835 1203 955 1278 utpote
979 1195 1242 1279 pulchritudinis
1263 1196 1373 1278 plena,

372 1319 451 1366 mox
467 1296 502 1364 in
517 1297 660 1366 nihilum
677 1296 840 1378 recidant,
867 1317 975 1378 quum
989 1296 1061 1379 ipse
1075 1295 1118 1364 iis
1131 1294 1216 1364 adeo
1231 1295 1374 1364 delecta-

374 1403 485 1466 tusae
501 1397 622 1466 beatus
636 1396 752 1465 fuerit.
770 1397 912 1479 lnsuper
927 1417 1030 1479 quam
1046 1395 1219 1478 egregiam
1234 1417 1274 1464 ea
1290 1417 1374 1478 prae

374 1497 488 1565 bitura
514 1503 612 1565 erant
627 1495 853 1564 historiolam!
884 1495 1017 1564 Obtutu
1041 1516 1117 1564 meo
1140 1495 1245 1564 oculis
1264 1501 1373 1577 capto,

374 1596 568 1665 manutium
582 1595 796 1676 chalybeium
812 1595 846 1663 in
863 1596 1035 1664 sacculum
1051 1594 1248 1664 recondidit.

458 1729 577 1810 “Hem,
593 1728 674 1812 quid
690 1751 781 1798 nunc
796 1735 848 1797 est
861 1728 911 1797 rei
923 1727 959 1796 ?”
982 1729 1106 1810 quaerit
1120 1728 1259 1811 placide.

459 1847 497 1914 ln
512 1867 712 1928 responsum
728 1845 871 1928 produxi
898 1846 1089 1928 remulcale,
1115 1845 1214 1928 eique
1240 1844 1374 1914 tradidi.

375 1945 568 2028 Superciliis
581 1945 748 2027 ceperatis
760 1945 794 2014 id
809 1945 901 2027 legit.

459 2077 603 2147 “Nonne
619 2077 710 2146 istud
726 2085 842 2146 nostra
858 2077 944 2147 bella
960 2077 1091 2146 somnia
1105 2079 1283 2160 paululum
1310 2101 1374 2150 acu

375 2179 571 2249 terebrat?”
587 2200 704 2260 quaero
717 2178 856 2247 tandem
871 2200 913 2246 ex
929 2200 979 2246 eo.

459 2294 717 2378 Cogitabundus
731 2295 841 2378 capite
856 2297 989 2364 annuit.

461 2412 534 2482 “lta
559 2412 748 2494 equidem,''
774 2419 810 2481 et
835 2413 994 2481 nuntium
1017 2413 1141 2482 itemm
1165 2414 1208 2483 ad
1231 2415 1376 2484 verbum

377 2515 469 2597 legit.
487 2513 667 2582 “Delectus
682 2513 833 2581 Armand
849 2512 995 2582 necdum
1012 2521 1045 2582 te
1060 2513 1140 2582 visit
1148 2514 1185 2583 ?''

461 2645 639 2715 “Necdum
652 2667 659 2726 ;
681 2645 842 2714 nuntium
866 2645 956 2714 enim
982 2667 1050 2714 non
1066 2648 1175 2715 multo
1190 2654 1271 2716 ante
1286 2647 1378 2718 circi·

379 2757 431 2817 ter
447 2748 566 2815 horam
582 2746 717 2814 tertiam
733 2745 855 2826 accepi.
878 2746 1035 2814 Fortasse
1049 2768 1125 2815 cras
1139 2747 1280 2816 aderit.'’

462 2863 606 2932 “Arcam
622 2861 667 2930 illi
683 2861 802 2942 utique
817 2861 951 2930 tradere
967 2862 1147 2932 debebis?”

462 2995 625 3064 “Prorsus
641 2993 698 3076 ita,
715 3016 777 3063 sua
792 2994 883 3062 enim
898 3002 960 3064 est.
982 2995 1108 3064 Saltem
1134 3019 1203 3066 non
1229 2998 1378 3068 Vantine

380 3099 462 3168 est.’'

463 3229 633 3299 Nuntium
649 3229 683 3296 in
700 3229 914 3297 involucrum
941 3229 1102 3311 recondit,
1128 3230 1279 3314 mihique
1304 3234 1379 3303 red-

380 3332 439 3401 dit.
456 3331 566 3413 Quam
582 3329 688 3397 fuerit
709 3329 821 3396 animo
846 3329 1006 3398 turbatus
1030 3336 1134 3411 atque
1158 3332 1331 3417 confusus,
1359 3358 1378 3405 e

381 3431 504 3502 rubore
520 3431 637 3498 vultus
650 3428 749 3496 facile
766 3429 931 3511 perspexi.

464 3563 598 3632 “Nihilo
614 3562 753 3642 secius‚”
769 3562 866 3631 fatur
880 3562 1036 3644 denique,
1052 3560 1151 3632 “arca
1165 3563 1221 3633 illa
1235 3567 1318 3636 mihi
1328 3577 1379 3639 ta-

381 3687 460 3735 men
475 3663 567 3734 cordi
581 3669 643 3743 est,
658 3662 786 3743 Lester,
803 3670 951 3745 optoque
966 3669 1006 3730 ut
1021 3684 1096 3731 eam
1111 3670 1183 3733 tam
1198 3665 1257 3735 diu
1273 3690 1376 3750 quam

381 3766 497 3850 possis
512 3763 673 3832 detineas.
696 3762 769 3843 Ego
785 3763 904 3831 saltem
920 3785 1028 3844 usque
1052 3785 1092 3832 eo
1115 3785 1183 3832 non
1209 3766 1377 3854 dederem‚

381 3868 487 3936 donec
502 3865 655 3944 alteram,
668 3883 689 3930 a
704 3862 850 3932 Vantine
865 3869 1016 3945 emptam
1036 3863 1091 3932 ille
1112 3864 1174 3932 tibi
1198 3867 1378 3939 traderet.'’

465 3998 535 4068 “Ut
548 3997 581 4066 id
597 4003 678 4079 agat
694 3995 813 4077 utique
837 3995 925 4064 dabo
951 3997 1119 4078 operam‚”
1145 3999 1250 4068 annui
1276 4005 1379 4085 proti-

382 4123 457 4170 nus.
479 4097 640 4179 “Absque
655 4095 757 4164 dubio
772 4095 805 4164 id
821 4096 950 4178 aliquot
964 4096 1077 4178 exiget
1093 4096 1164 4165 dies
1185 4133 1226 4143 —
1247 4101 1275 4170 si
1296 4125 1379 4176 vero

382 4221 461 4272 arca
476 4198 623 4268 Vantine
637 4217 747 4278 usque
762 4195 898 4265 Parisiis
912 4195 966 4277 sit,
981 4195 1085 4264 etiam
1105 4197 1213 4279 plus'’
