<?xml version="1.0" encoding="UTF-8"?>
<!DOCTYPE html PUBLIC "-//W3C//DTD XHTML 1.0 Transitional//EN"
    "http://www.w3.org/TR/xhtml1/DTD/xhtml1-transitional.dtd">
<html xmlns="http://www.w3.org/1999/xhtml" xml:lang="en" lang="en">
 <head>
  <title>
</title>
<meta http-equiv="Content-Type" content="text/html;charset=utf-8" />
  <meta name='ocr-system' content='tesseract 3.04.00' />
  <meta name='ocr-capabilities' content='ocr_page ocr_carea ocr_par ocr_line ocrx_word'/>
</head>
<body>
  <div class='ocr_page' id='page_1' title='image "./mysteriumarcbou00mogygoog/mysteriumarcbou00mogygoog_0079.png"; bbox 0 0 3502 5158; ppageno 0'>
   <div class='ocr_carea' id='block_1_1' title="bbox 420 855 1156 930">
    <p class='ocr_par' dir='ltr' id='par_1_1' title="bbox 420 855 1156 930">
     <span class='ocr_line' id='line_1_1' title="bbox 420 855 1156 930; baseline 0.003 -4"><span class='ocrx_word' id='word_1_1' title='bbox 420 855 462 926; x_wconf 86' lang='lat'><strong>64</strong></span> <span class='ocrx_word' id='word_1_2' title='bbox 679 873 887 928; x_wconf 78' lang='lat' dir='ltr'><strong>msrnmuu</strong></span> <span class='ocrx_word' id='word_1_3' title='bbox 909 873 1016 928; x_wconf 63' lang='grc' dir='ltr'><strong>ΑΜ</strong></span> <span class='ocrx_word' id='word_1_4' title='bbox 1037 867 1156 930; x_wconf 81' lang='lat' dir='ltr'><strong>nomn</strong></span> 
     </span>
    </p>
   </div>
   <div class='ocr_carea' id='block_1_2' title="bbox 420 1038 1465 4220">
    <p class='ocr_par' dir='ltr' id='par_1_2' title="bbox 420 1038 1418 1224">
     <span class='ocr_line' id='line_1_2' title="bbox 504 1038 1418 1125; baseline 0 -14"><span class='ocrx_word' id='word_1_5' title='bbox 504 1038 642 1112; x_wconf 89' lang='lat' dir='ltr'><strong>“lamne</strong></span> <span class='ocrx_word' id='word_1_6' title='bbox 656 1064 725 1113; x_wconf 90' lang='lat' dir='ltr'><strong>non</strong></span> <span class='ocrx_word' id='word_1_7' title='bbox 741 1041 830 1114; x_wconf 91' lang='lat' dir='ltr'><strong>idem</strong></span> <span class='ocrx_word' id='word_1_8' title='bbox 844 1065 936 1114; x_wconf 92' lang='lat' dir='ltr'><strong>nunc</strong></span> <span class='ocrx_word' id='word_1_9' title='bbox 962 1041 1110 1113; x_wconf 78' lang='lat' dir='ltr'><strong>sentis?”</strong></span> <span class='ocrx_word' id='word_1_10' title='bbox 1146 1041 1269 1112; x_wconf 86' lang='lat' dir='ltr'><strong>acriter</strong></span> <span class='ocrx_word' id='word_1_11' title='bbox 1293 1041 1418 1125; x_wconf 89' lang='lat' dir='ltr'><strong>quaerit</strong></span> 
     </span>
     <span class='ocr_line' id='line_1_3' title="bbox 420 1139 545 1224; baseline -0.008 -12"><span class='ocrx_word' id='word_1_12' title='bbox 420 1139 545 1224; x_wconf 84' lang='lat' dir='ltr'><strong>Grady.</strong></span> 
     </span>
    </p>

    <p class='ocr_par' dir='ltr' id='par_1_3' title="bbox 509 1240 1132 1328">
     <span class='ocr_line' id='line_1_4' title="bbox 509 1240 1132 1328; baseline 0.002 -17"><span class='ocrx_word' id='word_1_13' title='bbox 509 1240 661 1326; x_wconf 87' lang='lat' dir='ltr'><strong>“Nescio,</strong></span> <span class='ocrx_word' id='word_1_14' title='bbox 676 1243 724 1313; x_wconf 94' lang='lat' dir='ltr'><strong>mi</strong></span> <span class='ocrx_word' id='word_1_15' title='bbox 737 1244 839 1328; x_wconf 90' lang='lat' dir='ltr'><strong>Here,</strong></span> <span class='ocrx_word' id='word_1_16' title='bbox 855 1242 938 1328; x_wconf 92' lang='lat' dir='ltr'><strong>quid</strong></span> <span class='ocrx_word' id='word_1_17' title='bbox 952 1243 1132 1328; x_wconf 81' lang='lat' dir='ltr'><strong>cogitem.”</strong></span> 
     </span>
    </p>

    <p class='ocr_par' dir='ltr' id='par_1_4' title="bbox 421 1340 1419 1515">
     <span class='ocr_line' id='line_1_5' title="bbox 505 1340 1419 1427; baseline 0 -14"><span class='ocrx_word' id='word_1_18' title='bbox 505 1340 579 1413; x_wconf 90' lang='lat' dir='ltr'><strong>“Tu</strong></span> <span class='ocrx_word' id='word_1_19' title='bbox 594 1345 796 1416; x_wconf 80' lang='lat' dir='ltr'><strong>asseverasti</strong></span> <span class='ocrx_word' id='word_1_20' title='bbox 811 1351 847 1416; x_wconf 91' lang='lat' dir='ltr'><strong>te</strong></span> <span class='ocrx_word' id='word_1_21' title='bbox 856 1344 1116 1416; x_wconf 87' lang='lat' dir='ltr'><strong>eammulierem</strong></span> <span class='ocrx_word' id='word_1_22' title='bbox 1130 1350 1232 1414; x_wconf 88' lang='lat' dir='ltr'><strong>antea</strong></span> <span class='ocrx_word' id='word_1_23' title='bbox 1242 1365 1419 1427; x_wconf 92' lang='lat' dir='ltr'><strong>nunquam</strong></span> 
     </span>
     <span class='ocr_line' id='line_1_6' title="bbox 421 1440 586 1515; baseline 0.03 -5"><span class='ocrx_word' id='word_1_24' title='bbox 421 1440 544 1512; x_wconf 88' lang='lat' dir='ltr'><strong>vidisse</strong></span> <span class='ocrx_word' id='word_1_25' title='bbox 550 1443 586 1515; x_wconf 79' lang='lat'><strong>?&#39;&#39;</strong></span> 
     </span>
    </p>

    <p class='ocr_par' dir='ltr' id='par_1_5' title="bbox 506 1540 830 1628">
     <span class='ocr_line' id='line_1_7' title="bbox 506 1540 830 1628; baseline 0.006 -16"><span class='ocrx_word' id='word_1_26' title='bbox 506 1540 712 1628; x_wconf 85' lang='lat' dir='ltr'><strong>“Nunquam</strong></span> <span class='ocrx_word' id='word_1_27' title='bbox 728 1545 830 1617; x_wconf 89' lang='lat' dir='ltr'><strong>vidi.&#39;&#39;</strong></span> 
     </span>
    </p>

    <p class='ocr_par' dir='ltr' id='par_1_6' title="bbox 506 1640 1095 1729">
     <span class='ocr_line' id='line_1_8' title="bbox 506 1640 1095 1729; baseline 0 -15"><span class='ocrx_word' id='word_1_28' title='bbox 506 1640 731 1729; x_wconf 88' lang='lat' dir='ltr'><strong>“Unquamne</strong></span> <span class='ocrx_word' id='word_1_29' title='bbox 746 1667 787 1716; x_wconf 92' lang='lat' dir='ltr'><strong>ea</strong></span> <span class='ocrx_word' id='word_1_30' title='bbox 799 1645 853 1716; x_wconf 90' lang='lat' dir='ltr'><strong>hic</strong></span> <span class='ocrx_word' id='word_1_31' title='bbox 866 1652 969 1716; x_wconf 90' lang='lat' dir='ltr'><strong>antea</strong></span> <span class='ocrx_word' id='word_1_32' title='bbox 981 1645 1052 1715; x_wconf 85' lang='lat' dir='ltr'><strong>fuit</strong></span> <span class='ocrx_word' id='word_1_33' title='bbox 1059 1645 1095 1714; x_wconf 80' lang='lat'><strong>?&#39;’</strong></span> 
     </span>
    </p>

    <p class='ocr_par' dir='ltr' id='par_1_7' title="bbox 423 1741 1421 1918">
     <span class='ocr_line' id='line_1_9' title="bbox 506 1741 1421 1829; baseline 0.004 -17"><span class='ocrx_word' id='word_1_34' title='bbox 506 1741 615 1828; x_wconf 90' lang='lat' dir='ltr'><strong>“Non‚</strong></span> <span class='ocrx_word' id='word_1_35' title='bbox 630 1754 799 1828; x_wconf 89' lang='lat' dir='ltr'><strong>quantum</strong></span> <span class='ocrx_word' id='word_1_36' title='bbox 814 1769 878 1829; x_wconf 84' lang='lat' dir='ltr'><strong>ego</strong></span> <span class='ocrx_word' id='word_1_37' title='bbox 892 1746 1005 1816; x_wconf 88' lang='lat' dir='ltr'><strong>sciam.</strong></span> <span class='ocrx_word' id='word_1_38' title='bbox 1027 1745 1180 1815; x_wconf 89' lang='lat' dir='ltr'><strong>Primum</strong></span> <span class='ocrx_word' id='word_1_39' title='bbox 1195 1746 1285 1816; x_wconf 91' lang='lat' dir='ltr'><strong>enim</strong></span> <span class='ocrx_word' id='word_1_40' title='bbox 1300 1745 1421 1829; x_wconf 87' lang='lat' dir='ltr'><strong>quaesi·</strong></span> 
     </span>
     <span class='ocr_line' id='line_1_10' title="bbox 423 1840 1346 1918; baseline 0.005 -8"><span class='ocrx_word' id='word_1_41' title='bbox 423 1840 474 1910; x_wconf 91' lang='lat' dir='ltr'><strong>vit</strong></span> <span class='ocrx_word' id='word_1_42' title='bbox 488 1848 607 1914; x_wconf 87' lang='lat' dir='ltr'><strong>utrum</strong></span> <span class='ocrx_word' id='word_1_43' title='bbox 623 1845 727 1917; x_wconf 91' lang='lat' dir='ltr'><strong>herus</strong></span> <span class='ocrx_word' id='word_1_44' title='bbox 740 1847 888 1918; x_wconf 89' lang='lat' dir='ltr'><strong>Vantine</strong></span> <span class='ocrx_word' id='word_1_45' title='bbox 902 1846 966 1917; x_wconf 90' lang='lat' dir='ltr'><strong>hac</strong></span> <span class='ocrx_word' id='word_1_46' title='bbox 981 1846 1017 1916; x_wconf 91' lang='lat' dir='ltr'><strong>in</strong></span> <span class='ocrx_word' id='word_1_47' title='bbox 1030 1846 1131 1916; x_wconf 94' lang='lat' dir='ltr'><strong>domo</strong></span> <span class='ocrx_word' id='word_1_48' title='bbox 1145 1845 1346 1916; x_wconf 87' lang='lat' dir='ltr'><strong>habitaret.”</strong></span> 
     </span>
    </p>

    <p class='ocr_par' dir='ltr' id='par_1_8' title="bbox 505 1942 889 2030">
     <span class='ocr_line' id='line_1_11' title="bbox 505 1942 889 2030; baseline 0.01 -17"><span class='ocrx_word' id='word_1_49' title='bbox 505 1942 621 2028; x_wconf 91' lang='lat' dir='ltr'><strong>Grady</strong></span> <span class='ocrx_word' id='word_1_50' title='bbox 635 1946 745 2030; x_wconf 89' lang='lat' dir='ltr'><strong>capite</strong></span> <span class='ocrx_word' id='word_1_51' title='bbox 758 1947 889 2017; x_wconf 89' lang='lat' dir='ltr'><strong>annuit.</strong></span> 
     </span>
    </p>

    <p class='ocr_par' dir='ltr' id='par_1_9' title="bbox 422 2041 1465 2318">
     <span class='ocr_line' id='line_1_12' title="bbox 506 2041 1422 2131; baseline 0.002 -17"><span class='ocrx_word' id='word_1_52' title='bbox 506 2041 662 2127; x_wconf 89' lang='lat' dir='ltr'><strong>“Optime</strong></span> <span class='ocrx_word' id='word_1_53' title='bbox 675 2047 818 2131; x_wconf 82' lang='lat' dir='ltr'><strong>factum,</strong></span> <span class='ocrx_word' id='word_1_54' title='bbox 833 2047 994 2131; x_wconf 83' lang='lat' dir='ltr'><strong>Rogers,”</strong></span> <span class='ocrx_word' id='word_1_55' title='bbox 1015 2047 1137 2131; x_wconf 82' lang='lat' dir='ltr'><strong>inquit.</strong></span> <span class='ocrx_word' id='word_1_56' title='bbox 1174 2044 1351 2116; x_wconf 83' lang='lat' dir='ltr'><strong>“Proxime</strong></span> <span class='ocrx_word' id='word_1_57' title='bbox 1376 2046 1422 2116; x_wconf 81' lang='lat' dir='ltr'><strong>lo</strong></span> 
     </span>
     <span class='ocr_line' id='line_1_13' title="bbox 422 2144 1422 2230; baseline 0.005 -19"><span class='ocrx_word' id='word_1_58' title='bbox 422 2163 501 2212; x_wconf 93' lang='lat' dir='ltr'><strong>cum</strong></span> <span class='ocrx_word' id='word_1_59' title='bbox 517 2144 579 2214; x_wconf 87' lang='lat' dir='ltr'><strong>tibi</strong></span> <span class='ocrx_word' id='word_1_60' title='bbox 592 2145 628 2214; x_wconf 93' lang='lat' dir='ltr'><strong>in</strong></span> <span class='ocrx_word' id='word_1_61' title='bbox 642 2147 780 2218; x_wconf 87' lang='lat' dir='ltr'>cohorte</span> <span class='ocrx_word' id='word_1_62' title='bbox 795 2153 912 2218; x_wconf 91' lang='lat' dir='ltr'><strong>nostra</strong></span> <span class='ocrx_word' id='word_1_63' title='bbox 936 2147 1065 2218; x_wconf 89' lang='lat' dir='ltr'><strong>lictoria</strong></span> <span class='ocrx_word' id='word_1_64' title='bbox 1090 2147 1279 2230; x_wconf 81' lang='lat' dir='ltr'><strong>assignabo.</strong></span> <span class='ocrx_word' id='word_1_65' title='bbox 1308 2148 1422 2230; x_wconf 82' lang='lat' dir='ltr'><strong>Agno</strong></span> 
     </span>
     <span class='ocr_line' id='line_1_14' title="bbox 423 2246 1465 2318; baseline 0.006 -6"><span class='ocrx_word' id='word_1_66' title='bbox 423 2263 577 2314; x_wconf 88' lang='lat' dir='ltr'><strong>soeresne</strong></span> <span class='ocrx_word' id='word_1_67' title='bbox 591 2246 767 2316; x_wconf 87' lang='lat' dir='ltr'><strong>mulierem</strong></span> <span class='ocrx_word' id='word_1_68' title='bbox 782 2248 811 2317; x_wconf 91' lang='lat' dir='ltr'><strong>si</strong></span> <span class='ocrx_word' id='word_1_69' title='bbox 825 2269 901 2318; x_wconf 87' lang='lat' dir='ltr'><strong>eam</strong></span> <span class='ocrx_word' id='word_1_70' title='bbox 915 2247 1042 2318; x_wconf 91' lang='lat' dir='ltr'><strong>iterum</strong></span> <span class='ocrx_word' id='word_1_71' title='bbox 1055 2246 1233 2318; x_wconf 78' lang='lat' dir='ltr'><strong>videres?”</strong></span> <span class='ocrx_word' id='word_1_72' title='bbox 1464 2271 1465 2275; x_wconf 44' lang='lat'>¹</span> 
     </span>
    </p>

    <p class='ocr_par' dir='ltr' id='par_1_10' title="bbox 506 2344 1056 2431">
     <span class='ocr_line' id='line_1_15' title="bbox 506 2344 1056 2431; baseline 0.005 -18"><span class='ocrx_word' id='word_1_73' title='bbox 506 2344 637 2428; x_wconf 78' lang='lat' dir='ltr'><strong>Rogers</strong></span> <span class='ocrx_word' id='word_1_74' title='bbox 650 2348 853 2431; x_wconf 88' lang='lat' dir='ltr'><strong>respondere</strong></span> <span class='ocrx_word' id='word_1_75' title='bbox 868 2347 1056 2418; x_wconf 88' lang='lat' dir='ltr'><strong>dubitabat.</strong></span> 
     </span>
    </p>

    <p class='ocr_par' dir='ltr' id='par_1_11' title="bbox 423 2441 1422 2631">
     <span class='ocr_line' id='line_1_16' title="bbox 507 2441 1422 2531; baseline 0 -17"><span class='ocrx_word' id='word_1_76' title='bbox 507 2441 660 2515; x_wconf 88' lang='lat' dir='ltr'><strong>“Nollem</strong></span> <span class='ocrx_word' id='word_1_77' title='bbox 673 2468 735 2530; x_wconf 91' lang='lat' dir='ltr'><strong>pro</strong></span> <span class='ocrx_word' id='word_1_78' title='bbox 749 2454 841 2518; x_wconf 89' lang='lat' dir='ltr'><strong>certo</strong></span> <span class='ocrx_word' id='word_1_79' title='bbox 856 2447 1037 2531; x_wconf 89' lang='lat' dir='ltr'><strong>affirmare,</strong></span> <span class='ocrx_word' id='word_1_80' title='bbox 1051 2447 1172 2530; x_wconf 86' lang='lat' dir='ltr'><strong>Here,&#39;’</strong></span> <span class='ocrx_word' id='word_1_81' title='bbox 1184 2445 1356 2530; x_wconf 87' lang='lat' dir='ltr'><strong>respondit</strong></span> <span class='ocrx_word' id='word_1_82' title='bbox 1367 2445 1422 2515; x_wconf 92' lang='lat' dir='ltr'><strong>de-</strong></span> 
     </span>
     <span class='ocr_line' id='line_1_17' title="bbox 423 2542 1172 2631; baseline 0.005 -19"><span class='ocrx_word' id='word_1_83' title='bbox 423 2542 537 2627; x_wconf 90' lang='lat' dir='ltr'><strong>nique.</strong></span> <span class='ocrx_word' id='word_1_84' title='bbox 559 2543 736 2617; x_wconf 87' lang='lat' dir='ltr'><strong>“Fortasse</strong></span> <span class='ocrx_word' id='word_1_85' title='bbox 750 2568 894 2631; x_wconf 88' lang='lat' dir='ltr'><strong>possem,</strong></span> <span class='ocrx_word' id='word_1_86' title='bbox 910 2549 1056 2618; x_wconf 80' lang='lat' dir='ltr'><strong>fortasse</strong></span> <span class='ocrx_word' id='word_1_87' title='bbox 1070 2546 1172 2617; x_wconf 91' lang='lat' dir='ltr'><strong>non.&#39;&#39;</strong></span> 
     </span>
    </p>

    <p class='ocr_par' dir='ltr' id='par_1_12' title="bbox 423 2642 1423 2929">
     <span class='ocr_line' id='line_1_18' title="bbox 508 2642 1423 2730; baseline -0.001 -15"><span class='ocrx_word' id='word_1_88' title='bbox 508 2642 645 2716; x_wconf 86' lang='lat' dir='ltr'><strong>“Rubra</strong></span> <span class='ocrx_word' id='word_1_89' title='bbox 659 2646 788 2730; x_wconf 90' lang='lat' dir='ltr'><strong>labella,</strong></span> <span class='ocrx_word' id='word_1_90' title='bbox 803 2647 909 2718; x_wconf 84' lang='lat' dir='ltr'><strong>facies</strong></span> <span class='ocrx_word' id='word_1_91' title='bbox 922 2647 1075 2729; x_wconf 88' lang='lat' dir='ltr'><strong>candida,</strong></span> <span class='ocrx_word' id='word_1_92' title='bbox 1100 2645 1331 2728; x_wconf 84' lang='lat' dir='ltr'><strong>micantesque</strong></span> <span class='ocrx_word' id='word_1_93' title='bbox 1346 2666 1423 2714; x_wconf 92' lang='lat' dir='ltr'><strong>ocu·</strong></span> 
     </span>
     <span class='ocr_line' id='line_1_19' title="bbox 423 2743 1421 2831; baseline 0 -18"><span class='ocrx_word' id='word_1_94' title='bbox 423 2743 554 2815; x_wconf 88' lang='lat' dir='ltr'><strong>lihaud</strong></span> <span class='ocrx_word' id='word_1_95' title='bbox 569 2751 647 2816; x_wconf 87' lang='lat' dir='ltr'><strong>tuta</strong></span> <span class='ocrx_word' id='word_1_96' title='bbox 670 2753 751 2816; x_wconf 90' lang='lat' dir='ltr'><strong>sunt</strong></span> <span class='ocrx_word' id='word_1_97' title='bbox 774 2747 898 2818; x_wconf 88' lang='lat' dir='ltr'><strong>indicia</strong></span> <span class='ocrx_word' id='word_1_98' title='bbox 920 2746 1125 2831; x_wconf 87' lang='lat' dir='ltr'><strong>sequenda‚”</strong></span> <span class='ocrx_word' id='word_1_99' title='bbox 1149 2751 1266 2815; x_wconf 90' lang='lat' dir='ltr'><strong>monet</strong></span> <span class='ocrx_word' id='word_1_100' title='bbox 1296 2744 1421 2827; x_wconf 88' lang='lat' dir='ltr'><strong>Grady.</strong></span> 
     </span>
     <span class='ocr_line' id='line_1_20' title="bbox 425 2841 1380 2929; baseline 0.001 -16"><span class='ocrx_word' id='word_1_101' title='bbox 425 2841 621 2928; x_wconf 85' lang='lat' dir='ltr'><strong>“Numquid</strong></span> <span class='ocrx_word' id='word_1_102' title='bbox 635 2848 828 2917; x_wconf 89' lang='lat' dir='ltr'><strong>accuratius</strong></span> <span class='ocrx_word' id='word_1_103' title='bbox 842 2869 918 2916; x_wconf 91' lang='lat' dir='ltr'><strong>eam</strong></span> <span class='ocrx_word' id='word_1_104' title='bbox 933 2847 1122 2917; x_wconf 89' lang='lat' dir='ltr'><strong>describere</strong></span> <span class='ocrx_word' id='word_1_105' title='bbox 1137 2867 1205 2915; x_wconf 92' lang='lat' dir='ltr'><strong>non</strong></span> <span class='ocrx_word' id='word_1_106' title='bbox 1221 2865 1336 2929; x_wconf 89' lang='lat' dir='ltr'><strong>posses</strong></span> <span class='ocrx_word' id='word_1_107' title='bbox 1343 2844 1380 2914; x_wconf 79' lang='lat'><strong>?’&#39;</strong></span> 
     </span>
    </p>

    <p class='ocr_par' dir='ltr' id='par_1_13' title="bbox 425 2943 1424 3130">
     <span class='ocr_line' id='line_1_21' title="bbox 509 2943 1424 3030; baseline -0.003 -14"><span class='ocrx_word' id='word_1_108' title='bbox 509 2943 657 3016; x_wconf 91' lang='lat' dir='ltr'><strong>“Vereor</strong></span> <span class='ocrx_word' id='word_1_109' title='bbox 671 2953 713 3017; x_wconf 94' lang='lat' dir='ltr'><strong>ut</strong></span> <span class='ocrx_word' id='word_1_110' title='bbox 727 2948 861 3030; x_wconf 89' lang='lat' dir='ltr'><strong>possim,</strong></span> <span class='ocrx_word' id='word_1_111' title='bbox 877 2947 978 3017; x_wconf 88' lang='lat' dir='ltr'><strong>Here.</strong></span> <span class='ocrx_word' id='word_1_112' title='bbox 999 2945 1093 3018; x_wconf 94' lang='lat' dir='ltr'><strong>Nihil</strong></span> <span class='ocrx_word' id='word_1_113' title='bbox 1107 2945 1175 3016; x_wconf 90' lang='lat' dir='ltr'><strong>nisi</strong></span> <span class='ocrx_word' id='word_1_114' title='bbox 1190 2943 1362 3029; x_wconf 79' lang='lat' dir='ltr'><strong>generalia</strong></span> <span class='ocrx_word' id='word_1_115' title='bbox 1375 2943 1424 3013; x_wconf 93' lang='lat' dir='ltr'><strong>in-</strong></span> 
     </span>
     <span class='ocr_line' id='line_1_22' title="bbox 425 3043 1388 3130; baseline -0.001 -16"><span class='ocrx_word' id='word_1_116' title='bbox 425 3043 534 3115; x_wconf 88' lang='lat' dir='ltr'><strong>dicaia</strong></span> <span class='ocrx_word' id='word_1_117' title='bbox 549 3046 592 3115; x_wconf 92' lang='lat' dir='ltr'><strong>de</strong></span> <span class='ocrx_word' id='word_1_118' title='bbox 605 3045 819 3117; x_wconf 90' lang='lat' dir='ltr'><strong>lineamentis</strong></span> <span class='ocrx_word' id='word_1_119' title='bbox 832 3046 984 3117; x_wconf 87' lang='lat' dir='ltr'><strong>mulieris</strong></span> <span class='ocrx_word' id='word_1_120' title='bbox 997 3045 1187 3130; x_wconf 86' lang='lat' dir='ltr'><strong>perspicere</strong></span> <span class='ocrx_word' id='word_1_121' title='bbox 1202 3044 1388 3128; x_wconf 87' lang='lat' dir='ltr'><strong>poteram.”</strong></span> 
     </span>
    </p>

    <p class='ocr_par' dir='ltr' id='par_1_14' title="bbox 425 3143 1425 3316">
     <span class='ocr_line' id='line_1_23' title="bbox 509 3143 1425 3226; baseline -0.004 -10"><span class='ocrx_word' id='word_1_122' title='bbox 509 3144 583 3216; x_wconf 81' lang='lat' dir='ltr'><strong>“Tu</strong></span> <span class='ocrx_word' id='word_1_123' title='bbox 598 3147 702 3216; x_wconf 87' lang='lat' dir='ltr'><strong>etiam</strong></span> <span class='ocrx_word' id='word_1_124' title='bbox 726 3147 847 3217; x_wconf 78' lang='lat' dir='ltr'><strong>fateris</strong></span> <span class='ocrx_word' id='word_1_125' title='bbox 870 3153 904 3216; x_wconf 89' lang='lat' dir='ltr'><strong>te</strong></span> <span class='ocrx_word' id='word_1_126' title='bbox 927 3147 993 3217; x_wconf 89' lang='lat' dir='ltr'><strong>ista</strong></span> <span class='ocrx_word' id='word_1_127' title='bbox 1008 3147 1164 3217; x_wconf 86' lang='lat' dir='ltr'><strong>cubicula</strong></span> <span class='ocrx_word' id='word_1_128' title='bbox 1184 3167 1253 3215; x_wconf 92' lang='lat' dir='ltr'><strong>non</strong></span> <span class='ocrx_word' id='word_1_129' title='bbox 1274 3143 1425 3226; x_wconf 86' lang='lat' dir='ltr'><strong>explora-</strong></span> 
     </span>
     <span class='ocr_line' id='line_1_24' title="bbox 425 3245 560 3316; baseline 0.015 -2"><span class='ocrx_word' id='word_1_130' title='bbox 425 3247 514 3316; x_wconf 88' lang='lat' dir='ltr'><strong>visse</strong></span> <span class='ocrx_word' id='word_1_131' title='bbox 523 3245 560 3316; x_wconf 83' lang='lat'><strong>?’&#39;</strong></span> 
     </span>
    </p>

    <p class='ocr_par' dir='ltr' id='par_1_15' title="bbox 509 3345 1214 3431">
     <span class='ocr_line' id='line_1_25' title="bbox 509 3345 1214 3431; baseline 0 -14"><span class='ocrx_word' id='word_1_132' title='bbox 509 3345 609 3418; x_wconf 89' lang='lat' dir='ltr'><strong>“Non</strong></span> <span class='ocrx_word' id='word_1_133' title='bbox 624 3347 701 3431; x_wconf 85' lang='lat' dir='ltr'><strong>feci,</strong></span> <span class='ocrx_word' id='word_1_134' title='bbox 716 3369 784 3418; x_wconf 92' lang='lat' dir='ltr'><strong>non</strong></span> <span class='ocrx_word' id='word_1_135' title='bbox 799 3348 891 3418; x_wconf 90' lang='lat' dir='ltr'><strong>enim</strong></span> <span class='ocrx_word' id='word_1_136' title='bbox 905 3347 1031 3419; x_wconf 88' lang='lat' dir='ltr'><strong>intravi</strong></span> <span class='ocrx_word' id='word_1_137' title='bbox 1046 3346 1214 3418; x_wconf 86' lang='lat' dir='ltr'><strong>ianuam.&#39;’</strong></span> 
     </span>
    </p>

    <p class='ocr_par' dir='ltr' id='par_1_16' title="bbox 511 3445 726 3519">
     <span class='ocr_line' id='line_1_26' title="bbox 511 3445 726 3519; baseline 0.014 -3"><span class='ocrx_word' id='word_1_138' title='bbox 511 3445 602 3518; x_wconf 90' lang='lat' dir='ltr'><strong>“Cur</strong></span> <span class='ocrx_word' id='word_1_139' title='bbox 616 3449 726 3519; x_wconf 69' lang='lat' dir='ltr'><strong>nonY&#39;</strong></span> 
     </span>
    </p>

    <p class='ocr_par' dir='ltr' id='par_1_17' title="bbox 512 3545 673 3617">
     <span class='ocr_line' id='line_1_27' title="bbox 512 3545 673 3617; baseline 0.019 -43"><span class='ocrx_word' id='word_1_140' title='bbox 512 3545 673 3617; x_wconf 44' lang='lat' dir='ltr'><strong>“Metui”</strong></span> 
     </span>
    </p>

    <p class='ocr_par' dir='ltr' id='par_1_18' title="bbox 511 3645 729 3718">
     <span class='ocr_line' id='line_1_28' title="bbox 511 3645 729 3718; baseline 0.009 -2"><span class='ocrx_word' id='word_1_141' title='bbox 511 3645 729 3718; x_wconf 79' lang='lat' dir='ltr'><strong>“Metuistil”</strong></span> 
     </span>
    </p>

    <p class='ocr_par' dir='ltr' id='par_1_19' title="bbox 511 3745 1326 3831">
     <span class='ocr_line' id='line_1_29' title="bbox 511 3745 1326 3831; baseline -0.002 -13"><span class='ocrx_word' id='word_1_142' title='bbox 511 3745 628 3830; x_wconf 86' lang='lat' dir='ltr'><strong>“Sane,</strong></span> <span class='ocrx_word' id='word_1_143' title='bbox 644 3748 691 3817; x_wconf 91' lang='lat' dir='ltr'><strong>mi</strong></span> <span class='ocrx_word' id='word_1_144' title='bbox 705 3748 805 3831; x_wconf 90' lang='lat' dir='ltr'><strong>Here,</strong></span> <span class='ocrx_word' id='word_1_145' title='bbox 820 3749 1008 3819; x_wconf 88' lang='lat' dir='ltr'><strong>etiamnum</strong></span> <span class='ocrx_word' id='word_1_146' title='bbox 1022 3753 1140 3818; x_wconf 90' lang='lat' dir='ltr'><strong>metuo</strong></span> <span class='ocrx_word' id='word_1_147' title='bbox 1153 3745 1208 3817; x_wconf 94' lang='lat' dir='ltr'><strong>hic</strong></span> <span class='ocrx_word' id='word_1_148' title='bbox 1222 3745 1326 3816; x_wconf 87' lang='lat' dir='ltr'><strong>esse.”</strong></span> 
     </span>
    </p>

    <p class='ocr_par' dir='ltr' id='par_1_20' title="bbox 511 3845 965 3920">
     <span class='ocr_line' id='line_1_30' title="bbox 511 3845 965 3920; baseline 0.004 -4"><span class='ocrx_word' id='word_1_149' title='bbox 511 3845 682 3919; x_wconf 86' lang='lat' dir='ltr'><strong>“Parksne</strong></span> <span class='ocrx_word' id='word_1_150' title='bbox 697 3848 765 3920; x_wconf 90' lang='lat' dir='ltr'><strong>huc</strong></span> <span class='ocrx_word' id='word_1_151' title='bbox 776 3849 918 3919; x_wconf 88' lang='lat' dir='ltr'><strong>intravit</strong></span> <span class='ocrx_word' id='word_1_152' title='bbox 928 3849 965 3918; x_wconf 77' lang='lat'><strong>?”</strong></span> 
     </span>
    </p>

    <p class='ocr_par' dir='ltr' id='par_1_21' title="bbox 504 3945 1423 4031">
     <span class='ocr_line' id='line_1_31' title="bbox 504 3945 1423 4031; baseline -0.001 -14"><span class='ocrx_word' id='word_1_153' title='bbox 504 3946 604 4018; x_wconf 91' lang='lat' dir='ltr'><strong>“Non</strong></span> <span class='ocrx_word' id='word_1_154' title='bbox 612 3948 705 4031; x_wconf 75' lang='lat' dir='ltr'><strong>fecit</strong></span> <span class='ocrx_word' id='word_1_155' title='bbox 714 3970 793 4019; x_wconf 93' lang='lat' dir='ltr'><strong>eum</strong></span> <span class='ocrx_word' id='word_1_156' title='bbox 802 3948 894 4019; x_wconf 90' lang='lat' dir='ltr'><strong>haud</strong></span> <span class='ocrx_word' id='word_1_157' title='bbox 901 3949 1000 4018; x_wconf 86' lang='lat' dir='ltr'><strong>aliter</strong></span> <span class='ocrx_word' id='word_1_158' title='bbox 1007 3968 1112 4031; x_wconf 89' lang='lat' dir='ltr'><strong>quam</strong></span> <span class='ocrx_word' id='word_1_159' title='bbox 1119 3969 1176 4016; x_wconf 90' lang='lat' dir='ltr'><strong>me</strong></span> <span class='ocrx_word' id='word_1_160' title='bbox 1182 3945 1423 4028; x_wconf 88' lang='lat' dir='ltr'><strong>sentireputo.&#39;&#39;</strong></span> 
     </span>
    </p>

    <p class='ocr_par' dir='ltr' id='par_1_22' title="bbox 428 4043 1425 4220">
     <span class='ocr_line' id='line_1_32' title="bbox 510 4043 1425 4132; baseline -0.003 -13"><span class='ocrx_word' id='word_1_161' title='bbox 510 4047 679 4132; x_wconf 88' lang='lat' dir='ltr'><strong>“Quinam</strong></span> <span class='ocrx_word' id='word_1_162' title='bbox 704 4056 780 4119; x_wconf 91' lang='lat' dir='ltr'><strong>tum</strong></span> <span class='ocrx_word' id='word_1_163' title='bbox 802 4048 930 4118; x_wconf 88' lang='lat' dir='ltr'><strong>scivisti</strong></span> <span class='ocrx_word' id='word_1_164' title='bbox 954 4047 1102 4119; x_wconf 84' lang='lat' dir='ltr'><strong>Vantine</strong></span> <span class='ocrx_word' id='word_1_165' title='bbox 1126 4053 1302 4116; x_wconf 88' lang='lat' dir='ltr'><strong>mortuum</strong></span> <span class='ocrx_word' id='word_1_166' title='bbox 1326 4043 1425 4116; x_wconf 79' lang='lat' dir='ltr'><strong>esse?</strong></span> 
     </span>
     <span class='ocr_line' id='line_1_33' title="bbox 428 4145 1089 4220; baseline -0.006 0"><span class='ocrx_word' id='word_1_167' title='bbox 428 4149 498 4220; x_wconf 89' lang='lat' dir='ltr'><strong>Cur</strong></span> <span class='ocrx_word' id='word_1_168' title='bbox 511 4171 581 4219; x_wconf 92' lang='lat' dir='ltr'><strong>non</strong></span> <span class='ocrx_word' id='word_1_169' title='bbox 593 4148 771 4220; x_wconf 83' lang='lat' dir='ltr'><strong>tentavisti</strong></span> <span class='ocrx_word' id='word_1_170' title='bbox 784 4149 831 4219; x_wconf 93' lang='lat' dir='ltr'><strong>illi</strong></span> <span class='ocrx_word' id='word_1_171' title='bbox 846 4167 1043 4220; x_wconf 86' lang='lat' dir='ltr'><strong>succurrere</strong></span> <span class='ocrx_word' id='word_1_172' title='bbox 1051 4145 1089 4216; x_wconf 75' lang='lat' dir='ltr'><strong>P&#39;</strong></span> 
     </span>
    </p>
   </div>
   <div class='ocr_carea' id='block_1_3' title="bbox 0 0 1770 5158">
    <p class='ocr_par' dir='ltr' id='par_1_23' title="bbox 0 0 1770 5158">
     <span class='ocr_line' id='line_1_34' title="bbox 0 0 1770 5158; baseline 0 0"><span class='ocrx_word' id='word_1_173' title='bbox 0 0 1770 5158; x_wconf 95' lang='lat' dir='ltr'><strong> </strong></span> 
     </span>
    </p>
   </div>
  </div>
 </body>
</html>
