3500 5158
394 828 457 898 238
660 843 868 899 ursmnruu
890 843 998 898 ancre
1018 837 1138 898 nourr

477 1009 621 1081 “Nonne
635 1011 698 1082 hoc
713 1011 748 1081 in
762 1009 918 1082 absurdis
939 1011 1136 1083 habendum
1158 1011 1256 1081 est?”
1277 1029 1395 1094 quaero

391 1132 457 1194 ego

458 1164 574 1279 “‘Non
589 1210 726 1294 quidem
741 1233 784 1281 ex
798 1210 923 1282 obtutu
950 1232 1021 1282 suo.
1058 1212 1133 1295 lpse
1148 1211 1239 1281 enim
1254 1231 1322 1280 uon
1337 1210 1393 1278 fu-

391 1318 489 1381 ratur
503 1332 546 1381 ex
560 1316 722 1395 egestate,
737 1311 850 1381 animo
865 1301 943 1382 v'ult
957 1311 1148 1382 concitari.”

477 1409 551 1480 “Tu
566 1411 683 1494 itaque
697 1411 786 1481 nosti
801 1409 877 1494 quis
891 1411 962 1494 ipse
977 1411 1021 1482 sit
1029 1411 1067 1481 P’
1082 1432 1209 1496 quaero.

475 1508 550 1581 “lta
564 1517 649 1595 puto
663 1545 706 1556 -
726 1511 881 1581 existimo
904 1532 959 1581 me
985 1510 1087 1593 scire;
1117 1531 1241 1581 verum
1265 1531 1309 1579 ne
1331 1508 1393 1579 tibi

391 1609 529 1693 quidem
559 1610 716 1681 revelabo
744 1612 850 1681 donec
878 1618 972 1682 certo
1002 1611 1114 1682 sciam.
1147 1610 1246 1680 Libet
1276 1616 1393 1679 tamen

392 1732 502 1781 unum
517 1710 581 1781 hoc
594 1711 709 1793 fateri,
723 1746 765 1756 —
776 1711 803 1781 si
814 1711 878 1782 iste
890 1711 919 1782 is
928 1711 972 1782 sit
987 1733 1091 1796 quem
1100 1733 1180 1781 eum
1192 1733 1264 1780 esse
1274 1717 1393 1794 putem

391 1809 567 1894 ingenium
581 1832 697 1881 meum
712 1833 791 1880 cum
806 1811 944 1894 ingenio
958 1811 1033 1882 eius
1046 1833 1223 1882 conserere
1238 1809 1395 1894 volupta-

391 1911 417 1980 ti
431 1910 513 1981 mihi
529 1917 626 1981 esset
649 1911 711 1981 His
724 1910 759 1981 in
774 1912 979 1995 regionibus,
995 1911 1042 1982 cis
1056 1933 1231 1996 oceanum,
1252 1910 1327 1982 eius
1350 1909 1392 1980 si-

390 2011 504 2081 milem
518 2032 587 2080 non
601 2011 812 2082 habemus-
837 2013 901 2081 hoc
915 2018 1032 2082 autem
1046 2012 1209 2082 miserum
1224 2019 1275 2080 est
1285 2009 1315 2080 !’'

473 2112 557 2182 Mihi
571 2113 709 2197 quidem
725 2112 788 2183 hac
803 2113 846 2182 de
861 2134 898 2183 re
913 2111 1070 2182 dubitare
1085 2112 1185 2183 licere
1199 2111 1392 2190 videbatur,

390 2232 459 2281 non
489 2211 580 2283 enim
604 2212 634 2282 is
658 2233 736 2282 sum
758 2213 818 2297 qui
841 2212 1017 2296 praedones
1037 2211 1215 2296 ingenuos,
1238 2211 1342 2282 etiam
1357 2211 1392 2280 in

391 2311 492 2395 poesi,
507 2312 723 2383 admirandos
736 2335 809 2383 esse
824 2318 952 2397 putem.
969 2312 1282 2397 Quantumcunque
1296 2311 1393 2382 deco

390 2433 450 2482 rus
464 2434 504 2483 ac
518 2413 680 2495 pictorius
695 2413 840 2496 quisque
855 2413 916 2482 fur
934 2413 988 2495 sit,
1003 2419 1119 2484 tamen
1144 2419 1197 2483 est
1221 2413 1291 2482 fur.
1313 2412 1393 2481 For·

389 2516 479 2581 tasse
494 2519 546 2582 est
560 2533 647 2596 mea,
662 2518 703 2582 ut
715 2512 882 2594 advocati,
906 2511 1125 2595 experientia,
1140 2519 1203 2583 aut
1215 2512 1307 2582 forte
1322 2533 1393 2581 mo·

388 2611 431 2682 do
445 2633 510 2695 ego
525 2632 602 2682 sum
617 2611 757 2695 angusti
779 2612 892 2696 animi,
908 2619 1023 2682 tamen
1042 2611 1256 2694 maleficium,
1271 2633 1391 2696 quam·

390 2732 526 2794 cunque
541 2713 678 2794 egregie
693 2719 901 2796 exerceatur,
917 2713 952 2781 in
967 2733 1070 2782 causa
1084 2719 1137 2782 est
1147 2733 1253 2796 quare
1269 2712 1303 2781 id
1318 2733 1391 2781 rern

390 2811 559 2881 sordidam
574 2817 611 2882 et
626 2818 761 2896 turpem
782 2833 948 2882 censeam.
970 2811 1071 2882 Haud
1095 2811 1214 2895 ignoro
1238 2833 1310 2881 esse
1332 2811 1392 2894 qui

389 2911 452 2980 has
474 2933 530 2981 res
551 2933 594 2981 ex
620 2911 685 2981 alio
707 2910 831 2982 obtutu
857 2910 1056 2982 aestimanda
1071 2917 1203 2996 putent
1241 2910 1393 2994 Godrrey

390 3032 481 3082 unus
494 3010 618 3080 horum
634 3017 695 3081 est.

474 3111 582 3180 Docui
597 3133 687 3195 eum,
702 3111 729 3181 si
744 3133 816 3182 suae
836 3113 974 3182 valeant
997 3111 1210 3195 suspitiones‚
1230 3111 1391 3181 futurum

390 3233 463 3282 esse
478 3218 520 3282 ut
536 3232 639 3281 suum
653 3211 830 3294 ingenium
845 3233 924 3282 curn
949 3211 1085 3296 ingenio
1110 3211 1255 3283 Grandis
1280 3211 1391 3295 Ignoti

389 3312 421 3383 ei
435 3333 517 3381 mox
533 3333 709 3382 conserere
723 3311 848 3383 liceret.

473 3411 581 3482 “Sane
596 3411 764 3496 quidem,”
780 3413 911 3495 annuit,
938 3411 1017 3483 “sed
1042 3419 1154 3483 terror
1178 3411 1312 3482 lethalis
1332 3433 1387 3482 me

389 3513 499 3596 agitat
515 3547 554 3557 -
569 3513 622 3582 uti
637 3512 803 3583 hactenus
828 3534 960 3597 semper
974 3535 1017 3583 ex
1031 3533 1100 3596 quo
1115 3511 1192 3596 quis
1205 3513 1277 3597 ipse
1292 3517 1390 3594 esset,

390 3610 552 3695 suspicari
578 3611 747 3695 coeperim.
769 3612 848 3682 Non
873 3611 972 3682 aliter
997 3611 1107 3683 sentio
1121 3633 1227 3696 quam
1240 3611 1391 3681 novitius

389 3713 449 3796 qui
464 3712 673 3783 latrunculos
687 3713 801 3783 lusum
815 3734 894 3782 cum
908 3713 1072 3796 magistro
1093 3711 1253 3795 congredi
1276 3733 1392 3795 exspe-

390 3811 505 3882 ctabat
530 3847 570 3858 -
594 3813 685 3883 intra
714 3834 813 3884 senos
842 3820 958 3883 motus
979 3812 1186 3884 calculorum
1209 3811 1244 3881 in
1258 3811 1388 3882 incitas¹

390 3912 613 3996 redagendus.

496 4133 518 4184 1.
531 4129 568 4184 In
579 4129 689 4184 incitos
701 4129 811 4198 recipi:
824 4131 853 4185 in
866 4131 929 4185 ludo
939 4131 1163 4194 latrunculorum,
1184 4131 1232 4199 qui
1253 4130 1344 4199 agitur
1361 4130 1390 4184 in
