3502 5158
437 868 479 938 62
696 885 905 940 ursrsnruu
926 886 1034 940 Anca
1054 880 1175 941 roura

437 1053 493 1122 vel
508 1052 664 1136 spiritum
680 1053 803 1124 ducere
818 1055 992 1138 potuisset.
1028 1055 1144 1138 Atque
1166 1055 1269 1125 herus
1289 1054 1436 1126 Vantine

438 1153 586 1236 primum
612 1161 753 1238 stupens
775 1155 944 1238 loquelam
967 1156 1040 1226 eius
1063 1157 1206 1239 excepit,
1225 1163 1301 1226 tum
1316 1157 1436 1226 favore

438 1253 587 1337 quodam
602 1255 743 1338 audivit,
759 1262 795 1325 et
809 1255 956 1339 denique
970 1256 1038 1326 huc
1052 1278 1129 1326 eam
1153 1256 1243 1326 intro
1265 1255 1435 1338 invitavit,

439 1355 599 1438 foresque
623 1363 700 1439 post
725 1377 761 1426 se
785 1356 917 1438 clausit,
941 1378 981 1428 ac
1006 1356 1088 1426 nihil
1118 1357 1263 1440 amplius
1288 1355 1331 1426 de
1356 1355 1436 1438 ipsis

437 1453 539 1524 vidi.''

522 1554 637 1626 “Num
651 1556 842 1640 significare
856 1558 908 1628 vis
923 1564 958 1628 te
972 1559 1150 1628 mulierem
1164 1579 1233 1626 non
1247 1557 1341 1626 foras
1356 1556 1436 1626 emi·

438 1654 519 1726 sisse
528 1655 565 1726 ‘l'’
579 1658 703 1740 quaerit
717 1657 841 1742 Grady.

522 1755 614 1828 “Hoc
628 1757 741 1840 ipsum
755 1758 917 1841 significo.
956 1757 992 1830 Si
1018 1758 1101 1828 hero
1123 1757 1271 1829 Vantine
1307 1756 1434 1840 placuit

438 1879 517 1928 cum
531 1857 587 1927 illa
601 1858 755 1940 colloqui,
770 1866 845 1929 erat
859 1859 946 1929 bene
955 1881 964 1942 ;
993 1880 1091 1929 suam
1112 1879 1185 1929 rem
1210 1857 1345 1941 agebat,
1365 1879 1434 1926 non

437 1980 566 2040 meam;
588 1958 729 2041 proinde
743 1959 851 2029 redivi
865 1960 901 2029 in
916 1959 1137 2043 penuariam,1
1161 1965 1202 2029 ut
1216 1980 1305 2030 cocae
1327 1957 1363 2027 in
1384 1979 1434 2026 re·

437 2058 624 2142 purgandis
637 2059 872 2130 instrumentis
886 2060 1020 2130 cibariis
1036 2059 1160 2130 auxilio
1171 2081 1290 2141 essem,
1299 2078 1434 2142 quoque

437 2166 609 2229 momento
624 2159 852 2230 tintinnabulo
866 2159 1035 2231 audiendo
1050 2167 1199 2244 paratus
1221 2159 1269 2228 At
1287 2180 1356 2227 non
1371 2159 1434 2228 tin·

441 2258 514 2341 niit‚
530 2259 646 2342 itaque
660 2260 794 2330 circiter
808 2260 946 2330 dimidia
960 2260 1045 2330 hora
1059 2267 1135 2344 post
1148 2260 1273 2330 iterum
1288 2258 1378 2328 exivi
1398 2259 1432 2328 in

437 2358 605 2429 ambitum
621 2367 661 2430 ut
676 2361 774 2431 testis
788 2360 990 2431 discedentis
1004 2361 1154 2431 mulieris
1168 2381 1294 2442 essem;
1330 2367 1434 2442 atque

437 2459 610 2542 praeterivi
624 2462 717 2532 fores
730 2461 833 2532 huius
847 2461 1023 2544 conclavis,
1039 2461 1098 2531 sed
1113 2460 1229 2531 audivi
1242 2459 1342 2541 nihil;
1357 2465 1434 2528 tum

436 2560 582 2642 processi
596 2560 638 2631 ad
654 2561 789 2645 ostium,
804 2561 895 2645 quod
908 2583 1034 2645 magno
1048 2583 1124 2630 meo
1139 2567 1277 2644 stupore
1288 2559 1435 2643 pessula·

436 2666 511 2729 tum
525 2682 594 2730 non
609 2683 682 2731 esse
696 2662 837 2744 reperi.''

521 2757 594 2829 “Tu
608 2760 755 2831 fortasse
780 2763 954 2845 pessulum
977 2761 1102 2832 obdere
1126 2761 1199 2843 ipse
1224 2757 1434 2842 neglexisti?

436 2858 485 2928 ait
500 2859 623 2944 Grady.

520 2957 674 3030 “Ostium
690 2963 765 3031 sera
779 2961 928 3032 recidiva
942 2968 995 3032 est
1015 2961 1230 3043 instructum,
1251 2959 1300 3029 mi
1324 2959 1433 3042 Here;

436 3079 544 3141 quum
558 3059 681 3129 mulier
694 3061 843 3143 impulsu
857 3061 973 3144 adegit
987 3062 1135 3144 valvam,
1150 3082 1227 3131 sera
1241 3061 1356 3130 clausa
1369 3066 1432 3141 est,

436 3158 552 3227 audivi
567 3159 746 3229 recidere.''

520 3256 707 3328 “Certusne
722 3259 764 3329 de
779 3283 821 3330 ea
835 3281 873 3329 re
887 3283 924 3330 es
934 3260 972 3329 ?''

520 3357 592 3427 “De
604 3359 708 3429 nihilo
722 3361 854 3442 certior,
875 3360 923 3429 mi
937 3361 1058 3429 Here.''

520 3455 630 3540 “Quid
644 3460 860 3541 postmodum
874 3460 975 3542 egisti
982 3461 1019 3528 ?'’

521 3557 706 3628 “Obseravi
730 3560 864 3643 ostium,
888 3561 1061 3642 pessulum
1085 3559 1207 3642 obdidi,
1231 3581 1270 3629 ac
1285 3579 1347 3642 per
1361 3581 1431 3627 am·

435 3655 545 3725 bitum
567 3663 659 3726 retro
682 3659 855 3728 ambulare
881 3659 976 3741 coepi.
1013 3659 1168 3741 Quodam
1190 3665 1306 3728 tamen
1332 3658 1432 3727 modo

435 3755 614 3825 sollicitum
639 3757 845 3841 anxiumque
869 3779 925 3826 me
948 3758 1047 3840 sensi,
1071 3757 1211 3840 prohinc
1236 3765 1316 3827 ante
1340 3757 1433 3826 fores

435 3855 571 3925 constiti
584 3862 618 3925 et
633 3858 825 3927 auscultare
851 3858 946 3940 coepi,
972 3857 1030 3927 sed
1045 3857 1128 3926 nihil
1142 3856 1276 3938 audivi;
1292 3864 1366 3927 tum
1388 3857 1432 3926 le·

435 3954 525 4024 niter
539 3956 681 4039 pulsavi,
697 3957 756 4026 sed
771 3978 970 4040 responsum
980 3957 1112 4026 nullum
1127 3955 1206 4038 tuli;
1221 3955 1299 4025 dein
1310 3955 1433 4026 elatius

537 4174 561 4226 1.
578 4171 697 4227 Subaudi
709 4187 867 4227 oonwram.
