3536 5156
769 2019 921 2090 CAPUT
941 2021 1021 2090 XIX

813 2202 976 2274 “Mora''

474 2389 768 2459 PRAESUMENDUM
784 2395 859 2457 erat
874 2389 1037 2458 futurum
1052 2397 1092 2459 ut
1108 2389 1210 2472 pedes
1225 2389 1302 2471 mei,
1317 2389 1393 2458 abs-

391 2511 457 2572 que
473 2488 604 2558 conscio
622 2488 698 2558 nisu
714 2511 799 2571 me0,
808 2510 863 2558 me
878 2511 1013 2558 sursum
1026 2490 1176 2559 Plateam
1189 2497 1394 2572 currentem,

390 2588 434 2659 ad
449 2591 614 2672 angulum
629 2589 694 2657 viae
709 2589 915 2671 conferrent,
929 2588 988 2659 ubi
999 2589 1167 2672 pilentum
1176 2588 1327 2672 Gadirey
1338 2611 1395 2658 ve·

390 2689 484 2772 hene,
497 2696 532 2759 et
542 2689 607 2757 iter
618 2689 652 2758 in
664 2695 895 2758 transversam
912 2689 1003 2758 viam
1029 2689 1169 2759 flectens
1185 2711 1392 2772 assequerer;

389 2810 452 2858 nec
465 2796 581 2858 tamen
597 2789 668 2858 sine
684 2789 888 2871 aegritudine
912 2788 1015 2858 animi
1040 2789 1243 2871 reputabam
1266 2810 1322 2858 me
1346 2789 1392 2858 sic

389 2911 536 2970 cursare,
552 2888 644 2972 quod
659 2911 781 2972 nempe
797 2888 951 2958 conscius
966 2911 1060 2958 eram
1082 2889 1233 2972 Godrrey
1256 2910 1392 2959 mecum

389 3011 458 3058 non
473 2989 611 3059 omnino
626 2990 738 3072 palam
754 2995 789 3057 et
804 2996 920 3072 aperte
936 2990 1054 3071 egisse.
1067 2989 1219 3073 Constat,
1227 2990 1393 3072 profecta

389 3111 425 3159 se
441 3089 593 3158 Annand
609 3089 704 3172 sequi
719 3090 816 3171 velle,
832 3091 924 3158 nullo
934 3090 1039 3158 verbo
1049 3089 1244 3172 prodidisse;
1254 3111 1392 3158 causam

390 3196 504 3259 tamen
518 3189 590 3272 ipse
604 3189 688 3258 mihi
702 3189 784 3258 finxi
799 3189 835 3258 id
850 3189 928 3258 inde
943 3189 1015 3258 fieri
1029 3189 1189 3272 potuisse,
1217 3189 1308 3272 quod
1322 3210 1392 3258 nm

388 3289 551 3358 nitionem
566 3310 711 3371 omnem,
727 3289 762 3358 in
777 3289 942 3358 eiusmodi
957 3311 1072 3359 rerum
1102 3297 1206 3372 statu,
1231 3310 1392 3372 superva-

386 3411 526 3458 caneam
540 3389 775 3459 existimasset
802 3389 915 3458 Etiam
930 3410 1069 3472 aequum
1084 3396 1158 3459 erat
1182 3410 1203 3457 a
1228 3410 1283 3457 me
1307 3388 1391 3458 divi-

386 3489 460 3558 nan'
472 3511 561 3572 eum,
571 3488 702 3558 etiamsi
717 3489 789 3571 ipse
805 3509 841 3558 se
856 3488 970 3558 minus
985 3488 1052 3557 iam
1067 3509 1187 3558 curare
1202 3488 1309 3558 videri
1322 3488 1390 3557 vel-

385 3589 443 3671 let,
458 3610 649 3672 passurum,
664 3596 706 3658 ut
720 3609 800 3657 arca
814 3588 877 3657 sibi
892 3588 941 3658 ita
956 3589 1157 3672 eriperetur,
1181 3587 1274 3658 haud
1298 3609 1389 3670 esse;

386 3687 478 3772 quod
492 3711 575 3758 vero
590 3694 705 3758 ratum
721 3689 949 3757 existimasset
964 3696 1005 3758 ut
1020 3709 1084 3771 ego
1100 3709 1215 3758 arcam
1228 3687 1312 3757 hero
1327 3688 1390 3756 Ar-

384 3788 487 3858 mand
502 3788 661 3858 dederem
675 3788 755 3858 inde
770 3787 843 3856 fieri
858 3787 957 3871 sensi,
972 3788 1063 3871 quod
1079 3795 1157 3871 post
1170 3788 1319 3857 deditam
1336 3809 1389 3856 ar-

386 3909 460 3957 cam
475 3888 541 3957 alia
553 3887 632 3957 inde
648 3894 773 3958 eventa
788 3896 949 3957 secutura
964 3895 1126 3971 speraret.

468 3988 516 4057 At
530 4009 621 4057 nunc
636 3987 774 4057 demum
789 3995 824 4057 et
838 3987 920 4056 mihi
936 3989 1051 4057 lumen
1065 3987 1179 4057 animo
1204 3987 1331 4057 subivit
1352 3993 1388 4058 et

385 4087 553 4158 reminisci
578 4087 664 4170 coepi
690 4108 745 4156 me
770 4109 907 4170 quoque
931 4089 1037 4158 latere
1063 4108 1131 4171 quo
1155 4087 1292 4157 tandem
1308 4108 1388 4156 arca

385 4187 632 4258 deveheretur!
654 4187 693 4257 Id
707 4187 751 4256 ab
766 4187 848 4257 hero
863 4187 1017 4257 Armand
1032 4187 1222 4270 percontari
1237 4209 1305 4257 non
1326 4187 1387 4256 mi-
