3536 5156
455 877 518 948 ²²⁰
715 891 924 948 Ulmum
945 891 1052 948 nucu
1072 888 1190 948 bourn

512 1059 600 1176 ,Ἢ
614 1061 668 1131 hic
683 1082 782 1131 casus
797 1067 888 1132 celle
903 1061 1142 1144 mysteriorum
1158 1061 1279 1145 plenus
1294 1061 1377 1144 est‚’'
1392 1081 1450 1130 no-

448 1169 521 1232 ω
533 1183 670 1340 §fillum
685 1269 821 1331 tantum
850 1268 902 1331 est
925 1261 1016 1344 quod
1042 1283 1114 1332 rem
1129 1261 1364 1346 mysteriosam
1379 1261 1452 1330 red-

449 1362 529 1446 dit,”
545 1363 691 1445 explicat
715 1361 780 1444 ille,
809 1359 983 1430 “absentia
1008 1383 1121 1432 causae
1136 1360 1321 1432 efficientis.
1343 1361 1449 1431 Simul

448 1464 538 1534 enim
554 1469 657 1545 atque
671 1483 773 1532 causa
794 1462 1006 1545 intelligitur,
1033 1463 1136 1532 etiam
1161 1469 1376 1545 perpetrator
1399 1483 1450 1531 re·

448 1563 587 1647 peritur.
612 1562 677 1633 Ubi
692 1583 775 1632 vero
789 1583 892 1633 causa
913 1562 986 1631 erui
1013 1561 1132 1645 nequit
1156 1562 1240 1631 nihil
1268 1562 1449 1644 quisquam

448 1662 612 1748 proficit.’'

532 1761 636 1832 “Mihi
660 1784 743 1832 vero
772 1783 869 1832 secus
897 1762 1065 1844 videtur,'’
1091 1763 1220 1845 excipio
1245 1782 1319 1845 ego.
1350 1761 1449 1831 “Non

449 1863 539 1933 enim
553 1863 623 1932 sola
651 1883 763 1932 causae
791 1861 945 1931 absentia
971 1883 1043 1931 rem
1069 1861 1302 1944 mysteriosam
1329 1861 1450 1944 reddit,

448 1963 506 2034 sed
521 1962 609 2033 circa
624 1985 699 2032 eam
714 1963 836 2032 omnia.
860 1962 1017 2045 Namque
1033 1984 1097 2044 ego
1111 1985 1174 2032 nec
1203 1984 1276 2045 cur,
1290 1985 1352 2032 nec
1368 1983 1451 2045 quo-

447 2064 548 2134 modo
562 2085 616 2132 res
632 2069 826 2145 perpetrata
842 2063 895 2144 sit,
910 2063 1015 2145 capio.
1033 2063 1148 2146 Quum
1162 2084 1239 2132 eam
1253 2069 1361 2131 totam
1377 2084 1449 2132 rem

448 2185 581 2234 mecum
597 2163 717 2244 recolo,
741 2163 790 2232 ita
813 2162 897 2231 mihi
920 2169 1028 2246 paret,
1056 2162 1152 2246 quasi
1182 2163 1217 2231 in
1248 2163 1449 2245 ambagibus

447 2286 573 2347 verser,
588 2285 607 2332 e
623 2262 748 2346 quibus
762 2263 890 2333 nullam
906 2263 1089 2334 excedendi
1104 2263 1196 2332 viam
1212 2263 1373 2346 reperi0.'’

529 2363 622 2433 “lam
637 2363 706 2444 fiet,
722 2363 768 2431 mi
785 2363 913 2446 Lester,
937 2370 978 2432 ut
1002 2363 1094 2432 viam
1118 2363 1296 2446 reperias,”
1319 2362 1449 2432 solatur

449 2464 600 2546 Godfrey
614 2464 740 2546 quiete,
755 2462 811 2532 “et
826 2463 888 2532 hoc
904 2464 1014 2532 mox.”

531 2562 585 2634 “si
600 2562 705 2632 habes
721 2584 789 2645 quo
812 2585 884 2632 rem
910 2563 1067 2645 declares,
1094 2563 1276 2645 Godfrey‚”
1298 2562 1449 2633 obtestor

446 2685 521 2748 ego,
537 2663 613 2733 “fac
628 2685 688 2747 per
703 2663 851 2732 Deorum
867 2663 979 2744 fidem,
994 2663 1146 2733 declara!
1182 2663 1259 2732 Noli
1274 2684 1328 2732 me
1345 2663 1379 2731 in
1394 2663 1447 2732 his

446 2765 649 2848 ambagibus
664 2766 719 2833 vel
734 2771 916 2846 momento,
943 2785 1048 2847 quam
1076 2765 1119 2834 sit
1141 2785 1287 2846 necesse,
1314 2763 1449 2847 longius

446 2865 666 2935 constrictum
680 2870 807 2934 tenere.
829 2866 981 2934 Tantum
995 2864 1085 2933 enim
1101 2863 1202 2934 istam
1224 2886 1297 2933 rem
1320 2864 1356 2933 in
1379 2865 1449 2934 ani·

447 2989 503 3036 mo
518 2965 729 3047 revolvitavi
744 2973 785 3034 ut
801 2964 978 3034 mensium
993 2986 1070 3033 mca
1086 2963 1149 3033 filis
1164 2965 1316 3034 confusis
1337 2965 1381 3033 sit
1407 2964 1448 3033 si·

446 3065 582 3135 milima.
604 3064 708 3134 Visne
734 3064 876 3133 innuere
902 3064 964 3133 tibi
992 3071 1100 3133 totam
1127 3085 1198 3133 rem
1213 3063 1280 3134 iam
1296 3063 1449 3146 explora-

448 3173 519 3235 tam
534 3187 607 3235 esse
616 3164 653 3234 ?'’

531 3264 550 3292 ⁴‘
566 3264 804 3347 ‘Exploratam'
825 3264 938 3346 paullo
962 3264 1062 3333 nimis
1085 3285 1192 3346 agens
1215 3269 1268 3333 cst
1291 3262 1447 3332 verbum.

447 3365 547 3436 Haud
563 3365 711 3434 multum
727 3365 880 3446 profecto
895 3363 930 3432 in
946 3363 1011 3433 isto
1025 3364 1153 3433 mundo
1169 3371 1220 3433 est
1232 3363 1324 3447 quod
1334 3364 1449 3446 explo-

446 3474 560 3536 ratum
573 3465 769 3534 habeamus.
793 3463 859 3533 Fac
875 3463 1026 3534 dicamus
1041 3464 1224 3533 admodum
1251 3485 1306 3532 me
1330 3461 1447 3546 ‘suspi-

445 3567 534 3637 cari'
550 3567 569 3595 ”
591 3565 705 3635 Oculis
720 3565 763 3633 ad
779 3565 920 3646 laquear
933 3564 1054 3633 levatis
1078 3564 1249 3647 paulisper
1273 3563 1446 3633 conticuit.

445 3667 546 3748 Tum,
568 3664 791 3746 “Memineris
812 3664 858 3733 mi
885 3663 1033 3746 Lester,”
1058 3663 1179 3746 inquit,
1203 3661 1257 3733 “tc
1274 3662 1445 3746 quondam

445 3788 499 3836 mc
515 3763 769 3849 reprehendisse
785 3799 825 3808 -
840 3764 943 3832 etiam
957 3785 1100 3846 vespera
1114 3784 1269 3846 nupcrna
1290 3784 1345 3831 me
1360 3783 1446 3832 som·

444 3867 501 3936 nia
522 3872 638 3935 texere
654 3864 800 3947 poetica;
823 3871 859 3932 at
874 3885 966 3932 nunc
990 3863 1062 3932 haec
1088 3863 1218 3933 somnia
1243 3863 1344 3932 factis
1365 3867 1445 3933 sunt

444 3964 693 4049 comprobata.''

527 4063 670 4136 “Omnia
700 4085 740 4133 ea
770 4061 896 4132 indicta
924 4085 996 4133 esse
1025 4063 1157 4145 velim,''
1186 4063 1361 4134 humiliter
1388 4061 1446 4131 ob·

445 4173 561 4238 testor.
