3502 5158
431 907 473 978 48
692 919 900 976 ursrsnruu
921 919 1028 974 anon
1048 911 1167 972 noum

431 1098 540 1175 tuque
565 1113 642 1161 meo
666 1097 845 1174 conspecto
870 1088 914 1159 ad
938 1110 992 1158 me
1017 1086 1122 1169 venit,
1137 1091 1173 1155 et
1194 1083 1330 1154 brachio
1352 1102 1429 1150 meo

432 1192 599 1277 prehenso
614 1214 669 1262 me
682 1191 791 1262 fulsit.

517 1291 707 1377 “Quidnam
721 1298 756 1362 te
771 1290 878 1374 angit,
893 1288 1058 1360 Lester?''
1074 1287 1206 1372 quaerit

517 1391 712 1464 “sustinere
726 1392 863 1462 hicnon
877 1391 1047 1475 possum‚”
1073 1387 1224 1459 halitavi.
1256 1384 1430 1454 “Nimium

433 1501 487 1564 est
500 1493 706 1563 horridum.'’

518 1591 666 1664 “Relaxa
680 1601 781 1664 tuum
795 1592 966 1664 animum!
982 1591 1083 1662 Prodi
1091 1590 1168 1673 huc,
1178 1610 1275 1660 sume
1285 1587 1431 1657 alterum

434 1695 623 1779 pocillum.”

518 1794 646 1865 Eduxit
660 1817 716 1864 me
729 1795 834 1878 igitur
847 1795 883 1863 in
897 1792 1073 1876 ambitum,
1089 1797 1194 1875 atque
1215 1789 1368 1860 oblatum
1388 1788 1434 1857 al-

434 1903 549 1966 terum
563 1895 722 1979 pocillum
736 1894 858 1965 brisneil
885 1916 941 1964 me
956 1891 1205 1978 quodammodo
1230 1890 1313 1960 mihi
1338 1888 1432 1960 resti·

435 1995 513 2066 tuit.
536 1995 692 2067 Pudebat
706 2018 762 2065 me
776 1995 924 2079 ignaviae
944 2015 1040 2077 meae,
1065 2013 1187 2065 verum
1212 1991 1272 2061 ubi
1297 1991 1434 2060 vultum

437 2095 590 2180 Godrrey
602 2095 771 2180 conspexi,
786 2095 857 2166 vidi
871 2117 976 2178 quam
990 2100 1026 2164 et
1039 2093 1094 2163 ille
1108 2093 1258 2176 palleret.

521 2194 608 2267 “Fac
632 2203 669 2266 et
693 2203 733 2267 tu
758 2196 877 2280 pocillo
902 2202 1039 2279 sumpto
1063 2193 1126 2264 tibi
1150 2192 1337 2276 consulas‚’.’
1356 2213 1436 2262 eum

437 2318 565 2366 monu1.

522 2395 602 2466 Mox
617 2396 734 2467 audivi
749 2396 885 2466 obbam²
899 2417 1004 2480 super
1017 2393 1138 2478 pocillo
1152 2393 1322 2477 clangere.

521 2495 620 2567 “Non
634 2496 772 2566 memini
786 2518 854 2580 quo
867 2517 1021 2579 unquam
1034 2502 1188 2577 tempore
1201 2493 1273 2578 ipse
1291 2514 1372 2576 rego
1393 2491 1440 2562 sic

439 2595 585 2667 efflictus
615 2597 772 2680 fuerim‚”
801 2597 850 2666 ait
875 2595 1027 2678 deposito
1050 2595 1169 2679 pocillo
1192 2594 1295 2664 inani.
1328 2593 1443 2663 “Adeo

439 2702 506 2771 ista
521 2719 576 2767 res
589 2697 658 2766 fuit
673 2703 774 2766 taetra
782 2697 831 2766 ita
844 2696 1027 2780 improvisa
1036 2701 1122 2764 -et
1136 2701 1211 2764 tum
1224 2694 1355 2777 Rogers
1367 2714 1443 2776 par·

438 2805 509 2868 tem
523 2796 670 2867 furentis
684 2797 767 2879 agit
788 2797 828 2879 A,
843 2796 990 2879 denique
1003 2795 1058 2865 hic
1079 2800 1132 2865 est
1159 2793 1342 2877 medicus‚”
1365 2793 1442 2864 suo

437 2897 561 2980 iungit,
575 2917 683 2979 quum
698 2895 823 2966 ostium
837 2895 1007 2980 panditur,
1021 2902 1058 2965 et
1079 2894 1188 2965 Parks
1210 2893 1381 2964 medicum
1394 2893 1444 2962 in·

440 2995 612 3067 tromittit.

525 3094 726 3166 “Doctorem
741 3095 885 3178 Hughes
899 3094 1019 3177 utique
1033 3094 1125 3178 novi,
1140 3095 1287 3164 salutem
1310 3093 1358 3163 illi
1381 3115 1442 3162 nu-

442 3203 482 3267 tu
498 3195 637 3279 reddidi,
653 3201 758 3278 atque
772 3217 851 3264 cum
872 3216 912 3264 eo
933 3201 969 3265 et
990 3193 1142 3278 Godfrey
1161 3194 1197 3264 in
1218 3193 1374 3264 anterius
1394 3192 1443 3262 in-

544 3382 567 3432 1.
584 3377 732 3432 Brisaeum
745 3395 813 3431 voco
826 3381 999 3438 temetum,'e
1023 3375 1115 3441 brino,
1140 3377 1317 3430 destillatum.
1351 3374 1444 3428 Brisa

444 3471 537 3518 autem
554 3468 596 3516 est
607 3463 643 3523 id,
655 3462 726 3528 qnod
739 3479 772 3514 ex
784 3461 846 3514 uvis
859 3461 991 3527 expressis
1005 3467 1136 3526 superest.
1153 3461 1273 3526 vapores
1286 3459 1367 3512 brisae
1384 3457 1444 3524 igni

444 3547 566 3608 eubictae,
578 3547 607 3597 in
620 3546 734 3598 retortis
746 3545 821 3598 tubis
832 3545 882 3598 sub
903 3561 973 3611 aqua
993 3545 1150 3610 refrigerati
1171 3543 1292 3597 vasculis
1310 3543 1444 3609 guttatim

445 3631 626 3697 excipiuntur,
639 3634 825 3695 vocanturque
844 3627 985 3695 spiratum
1013 3628 1061 3694 qui
1082 3629 1105 3680 si
1119 3644 1134 3680 e
1147 3627 1221 3680 brian
1239 3626 1285 3687 sit,
1301 3625 1445 3680 vocabitur

446 3714 582 3777 brionum
600 3713 623 3766 si
635 3728 651 3764 e
663 3712 737 3775 vino,
750 3711 794 3764 vel
806 3712 897 3777 potius
909 3728 924 3764 e
930 3709 1003 3777 sicce
1014 3711 1082 3772 vini,
1095 3709 1248 3773 cinaeum
1271 3709 1294 3762 si
1316 3725 1332 3761 e
1353 3708 1445 3770 secali,

446 3795 605 3859 occulimus,
621 3801 701 3862 potus
712 3795 810 3860 Anglis
821 3795 1001 3860 gratissimus,
1018 3800 1047 3847 et
1068 3794 1108 3847 sic
1120 3793 1255 3859 deinceps.
1280 3791 1380 3845 Medici
1393 3792 1448 3844 An·

446 3881 514 3949 gllci
526 3878 671 3947 spiratum
682 3875 832 3944 ,frumenti
845 3878 937 3944 inepte
948 3877 1096 3943 appellant,
1114 3875 1243 3930 Germani
1254 3881 1349 3928 autem
1369 3891 1447 3942 reque

446 3965 540 4029 inepte
549 3961 652 4015 vinum
664 3964 775 4024 uatum,
789 3961 843 4014 nisi
855 3960 983 4013 Germani
999 3959 1095 4012 uinum
1115 3962 1218 4022 urant,
1233 3974 1284 4011 nos
1297 3958 1448 4026 coquimus,

448 4045 686 4102 autdestillamus
697 4045 846 4097 Vinaceum
869 4043 966 4096 Franci
980 4043 1013 4096 de
1024 4043 1136 4096 nomine
1158 4041 1235 4095 urbis
1257 4057 1313 4094 suae
1337 4039 1448 4096 Gonnoi

448 4130 595 4198 appellant

547 4215 573 4267 2
589 4213 638 4266 Est
650 4213 749 4280 lagena
760 4211 873 4280 aquaria
882 4210 979 4264 vitrea.
