3536 5156
613 845 767 902 nnnrenr
783 845 942 902 vaurum
958 844 1169 901 ειιιπιιιιπιι
1329 829 1392 902 167

394 1014 698 1087 manr‘busvellem.
721 1013 862 1086 Litterae
876 1020 958 1085 sunt
971 1013 1036 1098 hic,
1062 1012 1335 1099 quandocunque
1349 1013 1392 1086 si·

389 1115 423 1186 bi
438 1115 585 1200 libuerit,
600 1137 621 1186 a
635 1137 690 1186 me
705 1135 763 1186 eas
777 1121 930 1198 repetere
945 1114 1091 1199 poterit’

475 1214 548 1288 “Ex
570 1215 624 1286 his
646 1215 794 1286 intellexi
819 1214 934 1286 omnin
948 1215 1016 1286 iarn
1030 1221 1234 1299 argumenta
1248 1235 1321 1286 esse
1342 1214 1392 1284 in·

391 1337 534 1400 cassum,
550 1316 621 1400 ipse
643 1314 902 1386 adamantinum
927 1335 963 1385 se
987 1315 1143 1400 praebuit
1165 1314 1285 1399 ltaque
1299 1335 1319 1384 e
1333 1313 1391 1386 do-

391 1439 447 1487 mo
461 1416 598 1499 excessi,
612 1417 684 1500 ipso
699 1415 782 1486 mihi
796 1415 922 1486 ostium
936 1415 1118 1500 aperiente.
1145 1415 1262 1499 Atque
1276 1413 1312 1484 in
1325 1413 1389 1500 his,

390 1516 482 1588 Hero
496 1537 582 1600 mea,
596 1523 813 1600 cunctaque
827 1514 910 1586 scivi
924 1513 1119 1586 edisseram
1376 1527 1380 1558 ³

473 1634 555 1705 Post
568 1633 641 1704 haec
656 1633 760 1703 breve
774 1632 946 1704 silentium
967 1633 1099 1702 iactum
1114 1638 1183 1714 est;
1204 1639 1281 1702 tum
1295 1631 1390 1703 audi·

390 1733 426 1805 vi
441 1733 626 1818 Godfreye
648 1732 819 1818 profundo
843 1731 1078 1817 suspirantem.
1105 1731 1215 1804 Facile
1240 1731 1389 1804 intellexi

390 1834 454 1905 sibi
468 1855 566 1919 mque
580 1857 620 1905 nc
634 1833 717 1904 mihi
732 1854 933 1917 persuasum
947 1854 1020 1904 esse
1035 1833 1182 1916 puellam
1208 1853 1290 1903 vera
1312 1855 1390 1906 nar·

390 1957 491 2008 rasse.

474 2035 565 2107 Tum
590 2035 661 2118 ipse
686 2033 815 2118 occepit
839 2033 925 2103 fari:
947 2031 1228 2118 “Quamprimum
1249 2033 1389 2106 domurn

388 2157 601 2221 perveneras,
616 2135 735 2219 utique
750 2155 832 2218 ergo
842 2154 988 2218 qumque
999 2141 1138 2218 experta
1153 2155 1199 2217 es,
1214 2131 1308 2205 herm
1316 2141 1389 2204 ture

388 2235 570 2308 narravisti
578 2235 615 2307 i'’

471 2336 557 2407 Iulia
570 2335 663 2406 haud
677 2357 798 2420 parum
813 2333 960 2407 erubuit

471 2435 570 2508 “Non
594 2436 671 2519 ieci,
697 2435 788 2506 Here
809 2434 887 2518 mi,'’
912 2435 1084 2518 respondit
1107 2434 1190 2520 ipsa,
1217 2432 1319 2506 “nihil
1340 2434 1386 2506 illi

386 2537 554 2608 namw·”

469 2635 538 2708 “At
552 2658 617 2720 ego
631 2643 788 2720 putarem
802 2644 838 2706 te
852 2642 950 2706 tuam
964 2634 1067 2706 fidem
1081 2635 1183 2705 factis
1193 2635 1388 2718 comproba·

388 2758 424 2807 re
438 2737 615 2821 voluisse,“
630 2734 741 2820 pergit
756 2734 907 2818 Godfrey
922 2757 984 2807 suo
998 2735 1098 2806 modo
1113 2734 1322 2806 suavissimo.

469 2852 564 2938 “Ego
578 2874 660 2924 vero
675 2851 747 2923 sine
761 2852 882 2924 litteris
903 2853 1056 2936 verebar,
1080 2874 1124 2923 ne
1149 2873 1226 2922 mea
1250 2851 1386 2924 oonsilia

385 2954 458 3039 ipsa
473 2954 509 3024 in
522 2955 647 3025 malam
661 2953 943 3036 interpretaretur
957 2952 1121 3037 portem?
1142 2952 1191 3023 ait
1210 2951 1296 3023 Iulia
1309 2973 1387 3024 con·

470 3153 661 3226 “Praeterea
675 3153 747 3224 sine
761 3152 883 3224 litteris
896 3152 1017 3238 utique
1031 3153 1165 3224 nullum
1175 3151 1386 3238 premium?

385 3255 498 3339 explet
512 3254 673 3337 Godirey.

469 3372 555 3444 Iulia
569 3371 652 3442 nihil
667 3370 849 3455 respondit,
864 3371 923 3442 sed
938 3391 1060 3455 parum
1081 3369 1255 3441 oommode
1270 3391 1306 3442 se
1327 3370 1386 3442 hn-

386 3473 466 3546 bere
481 3472 673 3545 videbatur.

468 3573 598 3657 Deniqe
612 3579 769 3643 matrona
782 3573 895 3643 velata
910 3571 1067 3642 surrexit.

468 3690 626 3763 “Ullasne
640 3690 786 3773 omplius
799 3689 904 3760 habes
918 3687 1133 3774 quaestiones,
1148 3709 1235 3772 quas
1249 3687 1295 3758 illi
1310 3709 1385 3774 pro-

287 3829 290 3834 ·
385 3813 510 3876 ponere
524 3789 654 3862 velisi''
669 3790 846 3875 querebat
859 3789 941 3875 ipsa

467 3907 609 3981 “Nullas
636 3906 790 3990 omplius,
820 3928 897 3977 mea
932 3905 1056 3989 Hera,”
1085 3904 1193 3976 refert
1222 3904 1383 3989 Godirey.

321 4071 324 4077 .
384 4008 554 4080 “Historia
567 4008 715 4080 exomni
730 4028 873 4078 numero
889 4013 941 4078 est
955 4005 1139 4091 perfect&

469 4127 555 4200 Iulia
568 4126 685 4212 itaque
699 4123 845 4210 sumpsit
859 4145 962 4196 suum
987 4123 1113 4208 velum,
1128 4122 1234 4194 oculis
1247 4121 1384 4194 interim
