<?xml version="1.0" encoding="UTF-8"?>
<!DOCTYPE html PUBLIC "-//W3C//DTD XHTML 1.0 Transitional//EN"
    "http://www.w3.org/TR/xhtml1/DTD/xhtml1-transitional.dtd">
<html xmlns="http://www.w3.org/1999/xhtml" xml:lang="en" lang="en">
 <head>
  <title>
</title>
<meta http-equiv="Content-Type" content="text/html;charset=utf-8" />
  <meta name='ocr-system' content='tesseract 3.04.00' />
  <meta name='ocr-capabilities' content='ocr_page ocr_carea ocr_par ocr_line ocrx_word'/>
</head>
<body>
  <div class='ocr_page' id='page_1' title='image "./mysteriumarcbou00mogygoog/mysteriumarcbou00mogygoog_0041.png"; bbox 0 0 3502 5158; ppageno 0'>
   <div class='ocr_carea' id='block_1_1' title="bbox 419 847 1159 918">
    <p class='ocr_par' dir='ltr' id='par_1_1' title="bbox 419 847 1159 918">
     <span class='ocr_line' id='line_1_1' title="bbox 419 847 1159 918; baseline 0.003 -4"><span class='ocrx_word' id='word_1_1' title='bbox 419 847 462 914; x_wconf 87' lang='lat'>26</span> <span class='ocrx_word' id='word_1_2' title='bbox 681 863 891 917; x_wconf 79' lang='lat' dir='ltr'>ursraruuu</span> <span class='ocrx_word' id='word_1_3' title='bbox 913 864 1020 918; x_wconf 73' lang='lat' dir='ltr'>arcp</span> <span class='ocrx_word' id='word_1_4' title='bbox 1041 859 1159 918; x_wconf 79' lang='lat' dir='ltr'>nourr</span> 
     </span>
    </p>
   </div>
   <div class='ocr_carea' id='block_1_2' title="bbox 415 1031 1420 3314">
    <p class='ocr_par' dir='ltr' id='par_1_2' title="bbox 418 1031 1420 1614">
     <span class='ocr_line' id='line_1_2' title="bbox 419 1031 1420 1114; baseline 0.002 -14"><span class='ocrx_word' id='word_1_5' title='bbox 419 1031 469 1114; x_wconf 92' lang='lat' dir='ltr'>tii,</span> <span class='ocrx_word' id='word_1_6' title='bbox 485 1031 651 1112; x_wconf 88' lang='lat' dir='ltr'>cultellus,</span> <span class='ocrx_word' id='word_1_7' title='bbox 679 1032 896 1101; x_wconf 83' lang='lat' dir='ltr'>semivacuus</span> <span class='ocrx_word' id='word_1_8' title='bbox 911 1033 1095 1102; x_wconf 86' lang='lat' dir='ltr'>sacciculus</span> <span class='ocrx_word' id='word_1_9' title='bbox 1109 1032 1300 1103; x_wconf 86' lang='lat' dir='ltr'>nicotianae¹</span> <span class='ocrx_word' id='word_1_10' title='bbox 1316 1032 1420 1102; x_wconf 84' lang='lat' dir='ltr'>Fran·</span> 
     </span>
     <span class='ocr_line' id='line_1_3' title="bbox 418 1131 1419 1216; baseline 0.002 -16"><span class='ocrx_word' id='word_1_11' title='bbox 418 1131 508 1213; x_wconf 76' lang='lat' dir='ltr'>cicae,</span> <span class='ocrx_word' id='word_1_12' title='bbox 533 1131 683 1214; x_wconf 82' lang='lat' dir='ltr'><strong>pugillus</strong></span> <span class='ocrx_word' id='word_1_13' title='bbox 707 1131 940 1202; x_wconf 83' lang='lat' dir='ltr'>chartularum</span> <span class='ocrx_word' id='word_1_14' title='bbox 965 1155 1027 1216; x_wconf 91' lang='lat' dir='ltr'>pro</span> <span class='ocrx_word' id='word_1_15' title='bbox 1042 1133 1219 1215; x_wconf 87' lang='lat' dir='ltr'>volvellis‚²</span> <span class='ocrx_word' id='word_1_16' title='bbox 1241 1139 1419 1215; x_wconf 85' lang='lat' dir='ltr'>quaternae</span> 
     </span>
     <span class='ocr_line' id='line_1_4' title="bbox 419 1231 1418 1314; baseline 0.002 -14"><span class='ocrx_word' id='word_1_17' title='bbox 419 1237 482 1300; x_wconf 91' lang='lat' dir='ltr'>aut</span> <span class='ocrx_word' id='word_1_18' title='bbox 496 1231 611 1313; x_wconf 87' lang='lat' dir='ltr'>quinae</span> <span class='ocrx_word' id='word_1_19' title='bbox 624 1231 738 1300; x_wconf 86' lang='lat' dir='ltr'>claves</span> <span class='ocrx_word' id='word_1_20' title='bbox 753 1231 788 1301; x_wconf 88' lang='lat' dir='ltr'>in</span> <span class='ocrx_word' id='word_1_21' title='bbox 803 1233 941 1314; x_wconf 86' lang='lat' dir='ltr'>annulo,</span> <span class='ocrx_word' id='word_1_22' title='bbox 968 1233 1153 1303; x_wconf 88' lang='lat' dir='ltr'>mocinium</span> <span class='ocrx_word' id='word_1_23' title='bbox 1182 1233 1357 1314; x_wconf 90' lang='lat' dir='ltr'>sericeum,</span> <span class='ocrx_word' id='word_1_24' title='bbox 1379 1255 1418 1303; x_wconf 92' lang='lat' dir='ltr'>ac</span> 
     </span>
     <span class='ocr_line' id='line_1_5' title="bbox 419 1331 1419 1416; baseline 0.003 -18"><span class='ocrx_word' id='word_1_25' title='bbox 419 1331 568 1400; x_wconf 83' lang='lat' dir='ltr'>fortasse</span> <span class='ocrx_word' id='word_1_26' title='bbox 584 1331 659 1401; x_wconf 86' lang='lat' dir='ltr'>aliae</span> <span class='ocrx_word' id='word_1_27' title='bbox 674 1353 788 1416; x_wconf 83' lang='lat' dir='ltr'>nugae,</span> <span class='ocrx_word' id='word_1_28' title='bbox 805 1353 950 1414; x_wconf 88' lang='lat' dir='ltr'>quarum</span> <span class='ocrx_word' id='word_1_29' title='bbox 966 1333 1130 1402; x_wconf 88' lang='lat' dir='ltr'>memoria</span> <span class='ocrx_word' id='word_1_30' title='bbox 1145 1333 1227 1402; x_wconf 92' lang='lat' dir='ltr'>mihi</span> <span class='ocrx_word' id='word_1_31' title='bbox 1242 1333 1309 1402; x_wconf 88' lang='lat' dir='ltr'>iam</span> <span class='ocrx_word' id='word_1_32' title='bbox 1332 1333 1419 1403; x_wconf 85' lang='lat' dir='ltr'>exci-</span> 
     </span>
     <span class='ocr_line' id='line_1_6' title="bbox 419 1430 1419 1516; baseline 0.003 -17"><span class='ocrx_word' id='word_1_33' title='bbox 419 1430 469 1500; x_wconf 86' lang='lat' dir='ltr'>dit</span> <span class='ocrx_word' id='word_1_34' title='bbox 484 1466 525 1473; x_wconf 77' lang='grc'><strong>-</strong></span> <span class='ocrx_word' id='word_1_35' title='bbox 540 1431 599 1500; x_wconf 88' lang='lat' dir='ltr'>sed</span> <span class='ocrx_word' id='word_1_36' title='bbox 614 1453 753 1515; x_wconf 88' lang='lat' dir='ltr'>prorsus</span> <span class='ocrx_word' id='word_1_37' title='bbox 767 1432 862 1501; x_wconf 87' lang='lat' dir='ltr'>nulla</span> <span class='ocrx_word' id='word_1_38' title='bbox 877 1453 940 1513; x_wconf 92' lang='lat' dir='ltr'>res,</span> <span class='ocrx_word' id='word_1_39' title='bbox 957 1433 1034 1515; x_wconf 88' lang='lat' dir='ltr'>quis</span> <span class='ocrx_word' id='word_1_40' title='bbox 1049 1434 1119 1516; x_wconf 88' lang='lat' dir='ltr'>ipse</span> <span class='ocrx_word' id='word_1_41' title='bbox 1134 1433 1267 1516; x_wconf 83' lang='lat' dir='ltr'>fuisset,</span> <span class='ocrx_word' id='word_1_42' title='bbox 1284 1455 1347 1502; x_wconf 88' lang='lat' dir='ltr'>nos</span> <span class='ocrx_word' id='word_1_43' title='bbox 1362 1433 1419 1502; x_wconf 91' lang='lat' dir='ltr'>do-</span> 
     </span>
     <span class='ocr_line' id='line_1_7' title="bbox 418 1543 633 1614; baseline 0.005 -15"><span class='ocrx_word' id='word_1_44' title='bbox 418 1552 495 1600; x_wconf 89' lang='lat' dir='ltr'>cere</span> <span class='ocrx_word' id='word_1_45' title='bbox 509 1543 633 1614; x_wconf 88' lang='lat' dir='ltr'>posset.</span> 
     </span>
    </p>

    <p class='ocr_par' dir='ltr' id='par_1_3' title="bbox 418 1629 1420 1916">
     <span class='ocr_line' id='line_1_8' title="bbox 503 1629 1420 1716; baseline 0.003 -15"><span class='ocrx_word' id='word_1_46' title='bbox 503 1629 805 1701; x_wconf 83' lang='lat' dir='ltr'>“Remulcandum³</span> <span class='ocrx_word' id='word_1_47' title='bbox 820 1632 935 1715; x_wconf 88' lang='lat' dir='ltr'>itaque</span> <span class='ocrx_word' id='word_1_48' title='bbox 950 1631 1047 1702; x_wconf 91' lang='lat' dir='ltr'>nobis</span> <span class='ocrx_word' id='word_1_49' title='bbox 1061 1633 1207 1703; x_wconf 87' lang='lat' dir='ltr'>Parisios</span> <span class='ocrx_word' id='word_1_50' title='bbox 1230 1634 1326 1716; x_wconf 87' lang='lat' dir='ltr'>erit‚&#39;&#39;</span> <span class='ocrx_word' id='word_1_51' title='bbox 1350 1657 1420 1704; x_wconf 93' lang='lat' dir='ltr'>mo·</span> 
     </span>
     <span class='ocr_line' id='line_1_9' title="bbox 418 1729 1418 1803; baseline 0.002 -3"><span class='ocrx_word' id='word_1_52' title='bbox 418 1738 477 1800; x_wconf 87' lang='lat' dir='ltr'>net</span> <span class='ocrx_word' id='word_1_53' title='bbox 493 1730 694 1801; x_wconf 89' lang='lat' dir='ltr'>Simmonds.</span> <span class='ocrx_word' id='word_1_54' title='bbox 718 1729 828 1800; x_wconf 87' lang='lat' dir='ltr'>“Nam</span> <span class='ocrx_word' id='word_1_55' title='bbox 843 1731 897 1800; x_wconf 93' lang='lat' dir='ltr'>ille</span> <span class='ocrx_word' id='word_1_56' title='bbox 915 1731 1066 1802; x_wconf 88' lang='lat' dir='ltr'>Francus</span> <span class='ocrx_word' id='word_1_57' title='bbox 1087 1741 1141 1802; x_wconf 91' lang='lat' dir='ltr'>est</span> <span class='ocrx_word' id='word_1_58' title='bbox 1163 1735 1249 1802; x_wconf 91' lang='lat' dir='ltr'>citra</span> <span class='ocrx_word' id='word_1_59' title='bbox 1277 1733 1418 1803; x_wconf 90' lang='lat' dir='ltr'>dubium</span> 
     </span>
     <span class='ocr_line' id='line_1_10' title="bbox 418 1831 1239 1916; baseline 0.004 -17"><span class='ocrx_word' id='word_1_60' title='bbox 418 1866 458 1874; x_wconf 96' lang='lat'><strong>—</strong></span> <span class='ocrx_word' id='word_1_61' title='bbox 474 1831 508 1900; x_wconf 92' lang='lat' dir='ltr'>id</span> <span class='ocrx_word' id='word_1_62' title='bbox 523 1832 613 1899; x_wconf 87' lang='lat' dir='ltr'>enim</span> <span class='ocrx_word' id='word_1_63' title='bbox 630 1831 684 1901; x_wconf 87' lang='lat' dir='ltr'>vel</span> <span class='ocrx_word' id='word_1_64' title='bbox 700 1831 887 1900; x_wconf 90' lang='lat' dir='ltr'>mucinium</span> <span class='ocrx_word' id='word_1_65' title='bbox 904 1832 1070 1902; x_wconf 87' lang='lat' dir='ltr'>sericeum</span> <span class='ocrx_word' id='word_1_66' title='bbox 1086 1833 1239 1916; x_wconf 88' lang='lat' dir='ltr'>probat.&#39;&#39;</span> 
     </span>
    </p>

    <p class='ocr_par' dir='ltr' id='par_1_4' title="bbox 418 1929 1417 2113">
     <span class='ocr_line' id='line_1_11' title="bbox 501 1929 1417 2013; baseline 0.002 -13"><span class='ocrx_word' id='word_1_67' title='bbox 501 1929 585 2012; x_wconf 88' lang='lat' dir='ltr'>“Sic,</span> <span class='ocrx_word' id='word_1_68' title='bbox 616 1953 696 2000; x_wconf 88' lang='lat' dir='ltr'>sane</span> <span class='ocrx_word' id='word_1_69' title='bbox 722 1931 869 2013; x_wconf 83' lang='lat' dir='ltr'>-quin</span> <span class='ocrx_word' id='word_1_70' title='bbox 897 1941 932 2000; x_wconf 90' lang='lat' dir='ltr'>et</span> <span class='ocrx_word' id='word_1_71' title='bbox 958 1954 1021 2002; x_wconf 89' lang='lat' dir='ltr'>sua</span> <span class='ocrx_word' id='word_1_72' title='bbox 1046 1933 1153 2001; x_wconf 90' lang='lat' dir='ltr'>amica</span> <span class='ocrx_word' id='word_1_73' title='bbox 1175 1933 1264 2002; x_wconf 89' lang='lat' dir='ltr'>idem</span> <span class='ocrx_word' id='word_1_74' title='bbox 1280 1935 1417 2004; x_wconf 88' lang='lat' dir='ltr'>demon-</span> 
     </span>
     <span class='ocr_line' id='line_1_12' title="bbox 418 2030 775 2113; baseline -0.003 -13"><span class='ocrx_word' id='word_1_75' title='bbox 418 2031 535 2111; x_wconf 87' lang='lat' dir='ltr'>strat‚&#39;’</span> <span class='ocrx_word' id='word_1_76' title='bbox 551 2031 599 2099; x_wconf 93' lang='lat' dir='ltr'>ait</span> <span class='ocrx_word' id='word_1_77' title='bbox 615 2030 775 2113; x_wconf 87' lang='lat' dir='ltr'>Godfrey.</span> 
     </span>
    </p>

    <p class='ocr_par' dir='ltr' id='par_1_5' title="bbox 502 2128 869 2213">
     <span class='ocr_line' id='line_1_13' title="bbox 502 2128 869 2213; baseline 0.011 -15"><span class='ocrx_word' id='word_1_78' title='bbox 502 2128 628 2213; x_wconf 83' lang='lat' dir='ltr'>“Quid?</span> <span class='ocrx_word' id='word_1_79' title='bbox 644 2152 705 2199; x_wconf 89' lang='lat' dir='ltr'>sua</span> <span class='ocrx_word' id='word_1_80' title='bbox 720 2131 869 2202; x_wconf 64' lang='lat' dir='ltr'>amicat*</span> 
     </span>
    </p>

    <p class='ocr_par' dir='ltr' id='par_1_6' title="bbox 416 2230 1418 2811">
     <span class='ocr_line' id='line_1_14' title="bbox 501 2230 1417 2317; baseline 0.005 -19"><span class='ocrx_word' id='word_1_81' title='bbox 501 2230 540 2299; x_wconf 92' lang='lat' dir='ltr'>ln</span> <span class='ocrx_word' id='word_1_82' title='bbox 570 2252 770 2313; x_wconf 89' lang='lat' dir='ltr'>responsum</span> <span class='ocrx_word' id='word_1_83' title='bbox 798 2230 949 2313; x_wconf 83' lang='lat' dir='ltr'>Godfrey</span> <span class='ocrx_word' id='word_1_84' title='bbox 981 2239 1130 2302; x_wconf 88' lang='lat' dir='ltr'>ostentat</span> <span class='ocrx_word' id='word_1_85' title='bbox 1161 2233 1417 2317; x_wconf 80' lang='lat' dir='ltr'>horologiolum</span> 
     </span>
     <span class='ocr_line' id='line_1_15' title="bbox 418 2330 1417 2414; baseline 0.006 -16"><span class='ocrx_word' id='word_1_86' title='bbox 418 2330 508 2412; x_wconf 91' lang='lat' dir='ltr'>quod</span> <span class='ocrx_word' id='word_1_87' title='bbox 526 2330 723 2399; x_wconf 86' lang='lat' dir='ltr'>rimabatur.</span> <span class='ocrx_word' id='word_1_88' title='bbox 746 2331 939 2413; x_wconf 85' lang='lat' dir='ltr'>Aperuerat</span> <span class='ocrx_word' id='word_1_89' title='bbox 955 2333 1081 2401; x_wconf 89' lang='lat' dir='ltr'>etenim</span> <span class='ocrx_word' id='word_1_90' title='bbox 1098 2333 1190 2414; x_wconf 89' lang='lat' dir='ltr'>illud,</span> <span class='ocrx_word' id='word_1_91' title='bbox 1206 2341 1241 2402; x_wconf 91' lang='lat' dir='ltr'>et</span> <span class='ocrx_word' id='word_1_92' title='bbox 1267 2333 1302 2402; x_wconf 92' lang='lat' dir='ltr'>in</span> <span class='ocrx_word' id='word_1_93' title='bbox 1328 2334 1417 2404; x_wconf 84' lang='lat' dir='ltr'>facie</span> 
     </span>
     <span class='ocr_line' id='line_1_16' title="bbox 416 2429 1417 2516; baseline 0.005 -18"><span class='ocrx_word' id='word_1_94' title='bbox 416 2431 563 2513; x_wconf 85' lang='lat' dir='ltr'>capsulae</span> <span class='ocrx_word' id='word_1_95' title='bbox 578 2429 730 2499; x_wconf 85' lang='lat' dir='ltr'>interiori</span> <span class='ocrx_word' id='word_1_96' title='bbox 745 2429 893 2512; x_wconf 78' lang='lat' dir='ltr'>effigiem</span> <span class='ocrx_word' id='word_1_97' title='bbox 909 2431 1037 2514; x_wconf 85' lang='lat' dir='ltr'>reperit</span> <span class='ocrx_word' id='word_1_98' title='bbox 1051 2431 1356 2516; x_wconf 77' lang='lat' dir='ltr'>photographicam</span> <span class='ocrx_word' id='word_1_99' title='bbox 1376 2471 1417 2478; x_wconf 93' lang='lat'>—</span> 
     </span>
     <span class='ocr_line' id='line_1_17' title="bbox 417 2529 1418 2617; baseline 0.004 -18"><span class='ocrx_word' id='word_1_100' title='bbox 417 2529 564 2611; x_wconf 78' lang='lat' dir='ltr'>effigiem</span> <span class='ocrx_word' id='word_1_101' title='bbox 579 2530 797 2613; x_wconf 72' lang='lat' dir='ltr'>mulierculae,</span> <span class='ocrx_word' id='word_1_102' title='bbox 812 2531 919 2614; x_wconf 84' lang='lat' dir='ltr'>nigris</span> <span class='ocrx_word' id='word_1_103' title='bbox 934 2531 1126 2615; x_wconf 85' lang='lat' dir='ltr'>patulisque</span> <span class='ocrx_word' id='word_1_104' title='bbox 1149 2534 1264 2617; x_wconf 88' lang='lat' dir='ltr'>oculis,</span> <span class='ocrx_word' id='word_1_105' title='bbox 1290 2532 1418 2603; x_wconf 89' lang='lat' dir='ltr'>labellis</span> 
     </span>
     <span class='ocr_line' id='line_1_18' title="bbox 417 2629 1417 2712; baseline 0.005 -14"><span class='ocrx_word' id='word_1_106' title='bbox 417 2629 639 2712; x_wconf 81' lang='lat' dir='ltr'>spissioribus,</span> <span class='ocrx_word' id='word_1_107' title='bbox 655 2631 824 2712; x_wconf 89' lang='lat' dir='ltr'>vultuque</span> <span class='ocrx_word' id='word_1_108' title='bbox 839 2639 942 2700; x_wconf 87' lang='lat' dir='ltr'>ovato</span> <span class='ocrx_word' id='word_1_109' title='bbox 957 2668 995 2674; x_wconf 94' lang='lat'>-·</span> <span class='ocrx_word' id='word_1_110' title='bbox 1013 2639 1048 2700; x_wconf 92' lang='lat' dir='ltr'>et</span> <span class='ocrx_word' id='word_1_111' title='bbox 1063 2634 1182 2702; x_wconf 84' lang='lat' dir='ltr'>&#39;vultus</span> <span class='ocrx_word' id='word_1_112' title='bbox 1193 2637 1318 2704; x_wconf 79' lang='lat' dir='ltr'>natura</span> <span class='ocrx_word' id='word_1_113' title='bbox 1333 2635 1417 2704; x_wconf 87' lang='lat' dir='ltr'>adeo</span> 
     </span>
     <span class='ocr_line' id='line_1_19' title="bbox 417 2728 1251 2811; baseline 0.004 -14"><span class='ocrx_word' id='word_1_114' title='bbox 417 2728 599 2799; x_wconf 87' lang='lat' dir='ltr'>Francicus</span> <span class='ocrx_word' id='word_1_115' title='bbox 615 2736 699 2811; x_wconf 87' lang='lat' dir='ltr'>crat,</span> <span class='ocrx_word' id='word_1_116' title='bbox 715 2737 757 2798; x_wconf 95' lang='lat' dir='ltr'>ut</span> <span class='ocrx_word' id='word_1_117' title='bbox 771 2731 855 2798; x_wconf 93' lang='lat' dir='ltr'>nulli</span> <span class='ocrx_word' id='word_1_118' title='bbox 870 2731 977 2800; x_wconf 89' lang='lat' dir='ltr'>errori</span> <span class='ocrx_word' id='word_1_119' title='bbox 993 2731 1134 2801; x_wconf 87' lang='lat' dir='ltr'>daretur</span> <span class='ocrx_word' id='word_1_120' title='bbox 1148 2733 1251 2802; x_wconf 90' lang='lat' dir='ltr'>locus.</span> 
     </span>
    </p>

    <p class='ocr_par' dir='ltr' id='par_1_7' title="bbox 415 2827 1418 3314">
     <span class='ocr_line' id='line_1_20' title="bbox 500 2827 1417 2916; baseline 0.007 -19"><span class='ocrx_word' id='word_1_121' title='bbox 500 2827 686 2898; x_wconf 87' lang='lat' dir='ltr'>“Ancillam</span> <span class='ocrx_word' id='word_1_122' title='bbox 703 2829 845 2898; x_wconf 84' lang='lat' dir='ltr'>dixerim</span> <span class='ocrx_word' id='word_1_123' title='bbox 860 2829 1003 2900; x_wconf 88' lang='lat' dir='ltr'>alicuius</span> <span class='ocrx_word' id='word_1_124' title='bbox 1026 2833 1224 2914; x_wconf 51' lang='lat' dir='ltr'>matronae?</span> <span class='ocrx_word' id='word_1_125' title='bbox 1253 2833 1417 2916; x_wconf 89' lang='lat' dir='ltr'>interpre-</span> 
     </span>
     <span class='ocr_line' id='line_1_21' title="bbox 416 2927 1418 3014; baseline 0.005 -17"><span class='ocrx_word' id='word_1_126' title='bbox 416 2935 511 2998; x_wconf 89' lang='lat' dir='ltr'>tatur</span> <span class='ocrx_word' id='word_1_127' title='bbox 527 2927 688 3012; x_wconf 83' lang='lat' dir='ltr'>Godfrey,</span> <span class='ocrx_word' id='word_1_128' title='bbox 705 2929 817 3012; x_wconf 84' lang='lat' dir='ltr'>effigie</span> <span class='ocrx_word' id='word_1_129' title='bbox 832 2930 958 3000; x_wconf 89' lang='lat' dir='ltr'>iterum</span> <span class='ocrx_word' id='word_1_130' title='bbox 973 2931 1134 3014; x_wconf 91' lang='lat' dir='ltr'>inspecta.</span> <span class='ocrx_word' id='word_1_131' title='bbox 1148 2930 1295 3002; x_wconf 87' lang='lat' dir='ltr'>“Scitula</span> <span class='ocrx_word' id='word_1_132' title='bbox 1310 2939 1346 3002; x_wconf 93' lang='lat' dir='ltr'>et</span> <span class='ocrx_word' id='word_1_133' title='bbox 1361 2955 1418 3002; x_wconf 82' lang='lat' dir='ltr'>ve·</span> 
     </span>
     <span class='ocr_line' id='line_1_22' title="bbox 415 3028 1417 3116; baseline 0.005 -19"><span class='ocrx_word' id='word_1_134' title='bbox 415 3028 554 3098; x_wconf 86' lang='lat' dir='ltr'>nustula</span> <span class='ocrx_word' id='word_1_135' title='bbox 584 3028 765 3112; x_wconf 88' lang='lat' dir='ltr'>quondam,</span> <span class='ocrx_word' id='word_1_136' title='bbox 802 3030 860 3098; x_wconf 90' lang='lat' dir='ltr'>sed</span> <span class='ocrx_word' id='word_1_137' title='bbox 897 3031 1041 3112; x_wconf 89' lang='lat' dir='ltr'>primam</span> <span class='ocrx_word' id='word_1_138' title='bbox 1074 3032 1291 3102; x_wconf 85' lang='lat' dir='ltr'>iuventutern</span> <span class='ocrx_word' id='word_1_139' title='bbox 1316 3033 1417 3116; x_wconf 82' lang='lat' dir='ltr'>longe</span> 
     </span>
     <span class='ocr_line' id='line_1_23' title="bbox 415 3129 1417 3215; baseline 0.004 -17"><span class='ocrx_word' id='word_1_140' title='bbox 415 3150 560 3212; x_wconf 80' lang='lat' dir='ltr'>egressa,</span> <span class='ocrx_word' id='word_1_141' title='bbox 576 3130 768 3198; x_wconf 85' lang='lat' dir='ltr'>consultum</span> <span class='ocrx_word' id='word_1_142' title='bbox 784 3129 921 3199; x_wconf 90' lang='lat' dir='ltr'>videtur</span> <span class='ocrx_word' id='word_1_143' title='bbox 937 3130 1103 3201; x_wconf 87' lang='lat' dir='ltr'>iudicasse</span> <span class='ocrx_word' id='word_1_144' title='bbox 1133 3132 1280 3215; x_wconf 89' lang='lat' dir='ltr'>aliquem</span> <span class='ocrx_word' id='word_1_145' title='bbox 1303 3133 1417 3203; x_wconf 90' lang='lat' dir='ltr'>virum</span> 
     </span>
     <span class='ocr_line' id='line_1_24' title="bbox 415 3229 1417 3314; baseline 0.005 -16"><span class='ocrx_word' id='word_1_146' title='bbox 415 3229 526 3311; x_wconf 88' lang='lat' dir='ltr'>beare,</span> <span class='ocrx_word' id='word_1_147' title='bbox 542 3235 635 3299; x_wconf 89' lang='lat' dir='ltr'>statu</span> <span class='ocrx_word' id='word_1_148' title='bbox 651 3250 687 3298; x_wconf 88' lang='lat' dir='ltr'>se</span> <span class='ocrx_word' id='word_1_149' title='bbox 701 3229 899 3299; x_wconf 85' lang='lat' dir='ltr'>inferiorem</span> <span class='ocrx_word' id='word_1_150' title='bbox 911 3267 949 3275; x_wconf 96' lang='lat'><em>-</em></span> <span class='ocrx_word' id='word_1_151' title='bbox 961 3232 1043 3314; x_wconf 91' lang='lat' dir='ltr'>quin</span> <span class='ocrx_word' id='word_1_152' title='bbox 1054 3240 1090 3301; x_wconf 90' lang='lat' dir='ltr'>et</span> <span class='ocrx_word' id='word_1_153' title='bbox 1104 3255 1123 3301; x_wconf 92' lang='lat' dir='ltr'>e</span> <span class='ocrx_word' id='word_1_154' title='bbox 1135 3254 1172 3301; x_wconf 90' lang='lat' dir='ltr'>re</span> <span class='ocrx_word' id='word_1_155' title='bbox 1183 3255 1245 3302; x_wconf 88' lang='lat' dir='ltr'>sua</span> <span class='ocrx_word' id='word_1_156' title='bbox 1258 3233 1417 3302; x_wconf 80' lang='lat' dir='ltr'>familiari</span> 
     </span>
    </p>
   </div>
   <div class='ocr_carea' id='block_1_3' title="bbox 415 3328 1417 3598">
    <p class='ocr_par' dir='ltr' id='par_1_8' title="bbox 415 3328 1417 3598">
     <span class='ocr_line' id='line_1_25' title="bbox 415 3328 1417 3416; baseline 0.006 -19"><span class='ocrx_word' id='word_1_157' title='bbox 415 3328 562 3398; x_wconf 90' lang='lat' dir='ltr'>eundem</span> <span class='ocrx_word' id='word_1_158' title='bbox 578 3329 762 3410; x_wconf 87' lang='lat' dir='ltr'>suffulcire,</span> <span class='ocrx_word' id='word_1_159' title='bbox 777 3337 819 3398; x_wconf 93' lang='lat' dir='ltr'>ut</span> <span class='ocrx_word' id='word_1_160' title='bbox 834 3352 913 3400; x_wconf 90' lang='lat' dir='ltr'>eum</span> <span class='ocrx_word' id='word_1_161' title='bbox 929 3331 991 3400; x_wconf 90' lang='lat' dir='ltr'>sibi</span> <span class='ocrx_word' id='word_1_162' title='bbox 1006 3331 1202 3402; x_wconf 91' lang='lat' dir='ltr'>devinciret.</span> <span class='ocrx_word' id='word_1_163' title='bbox 1219 3332 1301 3403; x_wconf 87' lang='lat' dir='ltr'>Esse</span> <span class='ocrx_word' id='word_1_164' title='bbox 1311 3333 1417 3416; x_wconf 79' lang='lat' dir='ltr'>igitur</span> 
     </span>
     <span class='ocr_line' id='line_1_26' title="bbox 415 3429 1417 3598; baseline 0.008 -102"><span class='ocrx_word' id='word_1_165' title='bbox 415 3429 770 3598; x_wconf 50' lang='lat' dir='ltr'>ffigtlulrssnaiu&#39;liercula</span> <span class='ocrx_word' id='word_1_166' title='bbox 784 3452 864 3499; x_wconf 92' lang='lat' dir='ltr'>cum</span> <span class='ocrx_word' id='word_1_167' title='bbox 880 3431 952 3499; x_wconf 90' lang='lat' dir='ltr'>vita</span> <span class='ocrx_word' id='word_1_168' title='bbox 971 3431 1148 3514; x_wconf 88' lang='lat' dir='ltr'>multiplici</span> <span class='ocrx_word' id='word_1_169' title='bbox 1174 3439 1341 3515; x_wconf 87' lang='lat' dir='ltr'>anteacta,</span> <span class='ocrx_word' id='word_1_170' title='bbox 1363 3435 1417 3503; x_wconf 85' lang='lat' dir='ltr'>fu·</span> 
     </span>
    </p>
   </div>
   <div class='ocr_carea' id='block_1_4' title="bbox 414 3728 1417 3928">
    <p class='ocr_par' dir='ltr' id='par_1_9' title="bbox 414 3728 1417 3928">
     <span class='ocr_line' id='line_1_27' title="bbox 516 3728 1069 3846; baseline 0.007 -66"><span class='ocrx_word' id='word_1_171' title='bbox 516 3731 539 3781; x_wconf 93' lang='lat'>1.</span> <span class='ocrx_word' id='word_1_172' title='bbox 556 3730 585 3782; x_wconf 93' lang='lat' dir='ltr'>Id</span> <span class='ocrx_word' id='word_1_173' title='bbox 597 3729 670 3846; x_wconf 48' lang='lat' dir='ltr'>{ruod</span> <span class='ocrx_word' id='word_1_174' title='bbox 681 3731 765 3794; x_wconf 81' lang='lat' dir='ltr'>vulgo</span> <span class='ocrx_word' id='word_1_175' title='bbox 778 3728 929 3782; x_wconf 77' lang='lat' dir='ltr'>labacrum</span> <span class='ocrx_word' id='word_1_176' title='bbox 946 3738 1069 3784; x_wconf 89' lang='lat' dir='ltr'>vocatur.</span> 
     </span>
     <span class='ocr_line' id='line_1_28' title="bbox 514 3795 1417 3918; baseline 0.007 -71"><span class='ocrx_word' id='word_1_177' title='bbox 514 3799 539 3848; x_wconf 89' lang='lat'>2.</span> <span class='ocrx_word' id='word_1_178' title='bbox 555 3795 595 3848; x_wconf 83' lang='lat' dir='ltr'>Vo</span> <span class='ocrx_word' id='word_1_179' title='bbox 608 3795 684 3848; x_wconf 82' lang='lat' dir='ltr'>vello</span> <span class='ocrx_word' id='word_1_180' title='bbox 696 3798 874 3849; x_wconf 85' lang='lat' dir='ltr'>convolutum</span> <span class='ocrx_word' id='word_1_181' title='bbox 887 3799 1122 3878; x_wconf 43' lang='lat' dir='ltr'>eliartaceum&#39;est</span> <span class='ocrx_word' id='word_1_182' title='bbox 1132 3799 1204 3918; x_wconf 53' lang='lat' dir='ltr'>guod</span> <span class='ocrx_word' id='word_1_183' title='bbox 1218 3799 1417 3853; x_wconf 74' lang='lat' dir='ltr'>nicotianficae·</span> 
     </span>
     <span class='ocr_line' id='line_1_29' title="bbox 414 3863 1417 3928; baseline 0.005 -12"><span class='ocrx_word' id='word_1_184' title='bbox 414 3863 1124 3928; x_wconf 63' lang='lat' dir='ltr'>sireicrctum.fumatorum‚praesertrmiuvenilium,</span> <span class='ocrx_word' id='word_1_185' title='bbox 1150 3869 1417 3921; x_wconf 81' lang='lat' dir='ltr'>electamentumest</span> 
     </span>
    </p>
   </div>
   <div class='ocr_carea' id='block_1_5' title="bbox 514 3943 1415 4016">
    <p class='ocr_par' dir='ltr' id='par_1_10' title="bbox 514 3943 1415 4016">
     <span class='ocr_line' id='line_1_30' title="bbox 514 3943 1415 4016; baseline 0.007 -18"><span class='ocrx_word' id='word_1_186' title='bbox 514 3947 539 3998; x_wconf 81' lang='lat'>3.</span> <span class='ocrx_word' id='word_1_187' title='bbox 561 3943 745 4009; x_wconf 73' lang='lat' dir='ltr'>Romuleum,</span> <span class='ocrx_word' id='word_1_188' title='bbox 765 3947 876 4008; x_wconf 85' lang='lat' dir='ltr'>rectius,</span> <span class='ocrx_word' id='word_1_189' title='bbox 900 3945 1079 4013; x_wconf 77' lang='lat' dir='ltr'>rpmolcum,</span> <span class='ocrx_word' id='word_1_190' title='bbox 1100 3949 1172 4001; x_wconf 85' lang='lat' dir='ltr'>idem</span> <span class='ocrx_word' id='word_1_191' title='bbox 1189 3956 1272 4016; x_wconf 81' lang='lat' dir='ltr'>atque</span> <span class='ocrx_word' id='word_1_192' title='bbox 1285 3949 1348 4012; x_wconf 82' lang='grc' dir='ltr'>όνα,</span> <span class='ocrx_word' id='word_1_193' title='bbox 1364 3951 1415 4004; x_wconf 91' lang='lat' dir='ltr'>hoc</span> 
     </span>
    </p>
   </div>
   <div class='ocr_carea' id='block_1_6' title="bbox 323 4013 1415 4082">
    <p class='ocr_par' dir='ltr' id='par_1_11' title="bbox 323 4013 1415 4082">
     <span class='ocr_line' id='line_1_31' title="bbox 323 4013 1415 4082; baseline 0.005 -18"><span class='ocrx_word' id='word_1_194' title='bbox 323 4060 324 4064; x_wconf 72' lang='grc'>,</span> <span class='ocrx_word' id='word_1_195' title='bbox 415 4018 467 4074; x_wconf 88' lang='lat' dir='ltr'>est,</span> <span class='ocrx_word' id='word_1_196' title='bbox 480 4013 557 4066; x_wconf 82' lang='lat' dir='ltr'>funis</span> <span class='ocrx_word' id='word_1_197' title='bbox 570 4013 707 4066; x_wconf 86' lang='lat' dir='ltr'>vectorius</span> <span class='ocrx_word' id='word_1_198' title='bbox 720 4013 835 4074; x_wconf 81' lang='lat' dir='ltr'>navalis,</span> <span class='ocrx_word' id='word_1_199' title='bbox 859 4014 904 4066; x_wconf 90' lang='lat' dir='ltr'>bic</span> <span class='ocrx_word' id='word_1_200' title='bbox 922 4020 1023 4076; x_wconf 85' lang='lat' dir='ltr'>autem,</span> <span class='ocrx_word' id='word_1_201' title='bbox 1035 4016 1113 4068; x_wconf 80' lang='lat' dir='ltr'>funis</span> <span class='ocrx_word' id='word_1_202' title='bbox 1125 4017 1327 4082; x_wconf 79' lang='lat' dir='ltr'>telegraphicus</span> <span class='ocrx_word' id='word_1_203' title='bbox 1339 4017 1415 4070; x_wconf 82' lang='lat' dir='ltr'>suba-</span> 
     </span>
    </p>
   </div>
   <div class='ocr_carea' id='block_1_7' title="bbox 413 4081 1414 4214">
    <p class='ocr_par' dir='ltr' id='par_1_12' title="bbox 413 4081 1414 4214">
     <span class='ocr_line' id='line_1_32' title="bbox 413 4081 1414 4150; baseline 0.006 -19"><span class='ocrx_word' id='word_1_204' title='bbox 413 4095 543 4146; x_wconf 63' lang='lat' dir='ltr'>quaneum</span> <span class='ocrx_word' id='word_1_205' title='bbox 555 4081 720 4142; x_wconf 79' lang='lat' dir='ltr'>remulcorc,</span> <span class='ocrx_word' id='word_1_206' title='bbox 735 4081 848 4132; x_wconf 89' lang='lat' dir='ltr'>verbum</span> <span class='ocrx_word' id='word_1_207' title='bbox 861 4081 925 4133; x_wconf 87' lang='lat' dir='ltr'>inde</span> <span class='ocrx_word' id='word_1_208' title='bbox 938 4082 1092 4142; x_wconf 85' lang='lat' dir='ltr'>deductum,</span> <span class='ocrx_word' id='word_1_209' title='bbox 1106 4081 1156 4134; x_wconf 84' lang='lat' dir='ltr'>sub</span> <span class='ocrx_word' id='word_1_210' title='bbox 1164 4084 1235 4136; x_wconf 84' lang='lat' dir='ltr'>mari</span> <span class='ocrx_word' id='word_1_211' title='bbox 1246 4084 1414 4150; x_wconf 74' lang='lat' dir='ltr'>telegraphe·</span> 
     </span>
     <span class='ocr_line' id='line_1_33' title="bbox 413 4147 1298 4214; baseline 0.006 -16"><span class='ocrx_word' id='word_1_212' title='bbox 413 4161 457 4199; x_wconf 86' lang='lat' dir='ltr'>rna</span> <span class='ocrx_word' id='word_1_213' title='bbox 470 4147 589 4199; x_wconf 89' lang='lat' dir='ltr'>mittere.</span> <span class='ocrx_word' id='word_1_214' title='bbox 603 4147 763 4199; x_wconf 86' lang='lat' dir='ltr'>Institutum</span> <span class='ocrx_word' id='word_1_215' title='bbox 776 4147 907 4200; x_wconf 83' lang='lat' dir='ltr'>Romanis</span> <span class='ocrx_word' id='word_1_216' title='bbox 920 4149 1055 4214; x_wconf 80' lang='lat' dir='ltr'>ignotum,</span> <span class='ocrx_word' id='word_1_217' title='bbox 1066 4151 1178 4202; x_wconf 86' lang='lat' dir='ltr'>verbum</span> <span class='ocrx_word' id='word_1_218' title='bbox 1194 4157 1298 4204; x_wconf 89' lang='lat' dir='ltr'>notum.</span> 
     </span>
    </p>
   </div>
   <div class='ocr_carea' id='block_1_8' title="bbox 0 0 1756 5158">
    <p class='ocr_par' dir='ltr' id='par_1_13' title="bbox 0 0 1756 5158">
     <span class='ocr_line' id='line_1_34' title="bbox 0 0 1756 5158; baseline 0 0"><span class='ocrx_word' id='word_1_219' title='bbox 0 0 1756 5158; x_wconf 95' lang='lat' dir='ltr'> </span> 
     </span>
    </p>
   </div>
  </div>
 </body>
</html>
