3502 5158
622 913 1039 968 Procurruncmcmns
1309 898 1330 967 9

331 1103 421 1151 scam
435 1081 523 1150 hanc
544 1081 777 1151 mulierculam
789 1080 912 1151 illustri
927 1080 1048 1151 artifici
1072 1080 1330 1151 demandavisse

331 1188 372 1251 ut
385 1182 485 1264 plane
500 1181 690 1251 istiusmodi
705 1201 819 1251 arcam
834 1181 898 1251 sibi
912 1180 1124 1251 conficeret.’'

414 1279 577 1363 “Revera,
592 1281 639 1350 mi
654 1281 832 1363 Vantine,”
855 1281 967 1350 refero
988 1302 1064 1362 ego,
1086 1278 1150 1349 “ne
1166 1279 1330 1349 somniavi

330 1381 467 1463 quidem
490 1388 525 1451 te
550 1380 642 1464 poesi
656 1388 793 1450 tantum
806 1402 913 1462 posse.
925 1379 1090 1462 Spiritum
1106 1379 1188 1449 mihi
1199 1378 1332 1462 eripis.”

413 1480 467 1551 Ad
482 1480 556 1550 haec
571 1481 677 1550 verba
690 1481 905 1564 aliquantum
915 1480 1062 1563 erubuit,
1072 1479 1211 1563 vidique
1226 1501 1331 1562 quam

331 1601 349 1649 e
364 1580 465 1650 corde
481 1581 616 1650 locutus
630 1587 729 1650 esset.

414 1695 544 1766 “Furor
559 1696 709 1780 potiendi
726 1696 988 1779 conquisitorem
1003 1695 1146 1765 subinde
1175 1695 1331 1779 abripit,'’

330 1795 427 1865 fatrrr
448 1796 530 1880 ipse,
561 1795 671 1879 “Quid
697 1803 814 1866 tamen
840 1797 969 1879 loquar,
996 1795 1080 1866 scire
1094 1817 1150 1865 me
1175 1794 1331 1865 arbitror.

330 1895 482 1965 Primum
498 1895 635 1978 quidem
650 1917 753 1978 quam
768 1904 887 1979 potero
901 1917 1014 1965 arcam
1037 1895 1262 1965 minutissime
1276 1917 1332 1965 ex-

330 1995 477 2078 plorabo.
499 1996 657 2066 Fortasse
671 1997 798 2079 aliquid
815 1997 981 2079 reperiam
1007 2033 1048 2040 —
1074 2017 1333 2079 monogramma

330 2095 452 2165 alicubi
467 2095 662 2166 delitescere
677 2095 788 2166 debet.
812 2095 849 2166 ld
865 2096 975 2166 abste
990 2095 1107 2178 flagito
1123 2103 1164 2165 ut
1179 2095 1332 2165 Annand

329 2202 365 2263 et
391 2195 468 2278 Fils,
482 2195 547 2265 Via
561 2195 703 2279 Templi,
719 2196 778 2278 qui
791 2195 875 2265 mihi
890 2196 976 2265 hanc
995 2195 1231 2278 vendiderant,
1253 2196 1333 2265 tele-

329 2294 515 2378 graphema
530 2295 657 2368 mittas.
673 2295 909 2378 disquirasque
935 2295 1011 2378 quis
1036 2295 1139 2365 huius
1162 2317 1251 2366 arcae
1275 2295 1333 2366 do-

330 2395 443 2465 minus
457 2395 510 2478 sit,
526 2417 671 2478 eamque
687 2417 749 2478 pro
764 2418 819 2465 me
834 2395 958 2464 emas.”

412 2494 590 2565 “Fortasse
604 2495 762 2564 dominus
777 2495 926 2565 vendere
941 2495 1064 2577 nolet,”
1086 2495 1229 2565 obverto
1255 2517 1330 2578 ego.

413 2594 506 2665 “lmo
521 2595 658 2666 vendet.
675 2595 767 2665 Nihil
783 2603 836 2664 est
851 2595 935 2678 quin
950 2597 1017 2664 emi
1028 2595 1180 2677 possit-
1192 2595 1332 2678 pretio.”

413 2693 537 2765 “Aisne
553 2703 591 2763 tu
607 2695 694 2765 hanc
710 2717 823 2766 arcam
839 2704 874 2765 te
889 2702 1084 2778 empturum
1112 2695 1233 2778 quovis
1258 2716 1333 2778 pre·

329 2795 377 2865 tio
385 2795 422 2864 ?”
1292 2829 1294 2836 a

413 2894 508 2977 “Aio,
525 2896 709 2978 profecto.'’

412 2994 540 3079 “Atqui
554 3003 646 3065 certe
661 3004 743 3065 sunt
757 2995 861 3078 aliqui
877 2996 1030 3066 limites.”

414 3093 525 3180 “Quin
540 3096 623 3165 nulli
638 3096 750 3166 sunt.”

413 3195 572 3266 “Statuas
592 3197 774 3265 dumtaxat
787 3196 846 3266 ubi
862 3197 1090 3280 incipiendum
1106 3198 1181 3280 sit,”
1196 3218 1333 3280 respon·

329 3296 373 3365 di.
396 3295 467 3365 “De
480 3296 533 3366 his
547 3295 638 3364 enim
652 3297 756 3366 rebus
771 3296 852 3365 mihi
869 3319 1007 3380 prorsus
1021 3297 1104 3366 nihil
1120 3304 1331 3380 compertum

328 3395 411 3466 est„

412 3494 547 3579 “Esto''
561 3497 673 3579 inquit
690 3496 848 3576 Vantine
872 3495 949 3566 “fac
961 3504 995 3566 te
1006 3497 1224 3580 incepturum
1237 3496 1333 3566 denis

330 3596 477 3666 milbbus
490 3596 714 3667 centussium¹
735 3596 983 3667 Francicorum.
1007 3597 1098 3668 Cave
1119 3597 1219 3666 nimis
1241 3596 1332 3666 avidi

329 3697 517 3767 videamur.
555 3697 607 3766 Ob
629 3696 693 3766 hoc
719 3697 840 3780 ipsum,
865 3697 956 3780 quod
972 3719 1038 3780 ego
1053 3697 1154 3767 nimis
1168 3719 1245 3766 sum
1261 3697 1333 3766 avi·

328 3797 402 3880 dus,
418 3818 491 3866 rem
505 3797 567 3866 tibi
583 3797 836 3880 exsequendam
851 3797 1024 3868 concredo.
1047 3797 1130 3867 Mihi
1151 3798 1243 3868 enim
1264 3797 1331 3880 ipsi

328 3918 397 3966 non
413 3897 578 3967 confido.’'

431 4118 455 4168 1.
477 4116 619 4169 Centussis
645 4116 824 4168 Americanus
839 4133 878 4162 =
889 4115 976 4175 otoo:
1004 4115 1151 4168 Francicus
1168 4114 1332 4166 :circiter

329 4215 383 4252 una
396 4199 494 4266 quinta
505 4199 595 4252 huius.
