3554 5156
357 979 368 994 ἢ
423 886 466 956 86
684 901 895 958 uvsrruruu
915 902 1023 958 rnen
1044 897 1163 958 souis

423 1070 549 1154 aliquid
561 1071 683 1154 celans,
709 1072 809 1142 cuius
834 1071 1039 1142 lineamenta
1052 1071 1180 1142 horridi
1195 1071 1277 1155 quid
1304 1069 1422 1140 suade-

423 1171 518 1240 bant.
534 1172 662 1242 Verum
681 1193 745 1255 ego
761 1193 816 1240 me
831 1173 1004 1255 composui
1031 1179 1067 1242 et
1093 1172 1227 1242 intravi.
1251 1171 1296 1240 Et
1317 1169 1426 1240 Parks

423 1278 564 1343 secutus
579 1272 671 1341 fores
685 1272 815 1341 clausit.

508 1373 670 1443 Anticum
697 1373 891 1443 cubiculum
906 1373 991 1442 duas
1005 1372 1154 1442 babebat
1168 1373 1348 1454 fenestras,
1364 1392 1421 1453 po-

422 1474 546 1544 sticum
561 1480 688 1556 autem,
704 1494 810 1542 cornu
826 1471 956 1556 domus,
968 1472 1117 1543 habebat
1132 1479 1211 1542 tres.
1234 1473 1376 1542 Cunctae
1388 1493 1420 1539 e

422 1581 500 1644 rant
516 1574 695 1654 obseratae;
710 1579 949 1643 verumtamen
964 1573 1136 1643 tabellulae
1160 1573 1280 1642 vitreae
1302 1572 1420 1641 absur-

423 1675 557 1744 dissime
587 1673 727 1756 fragiles
753 1672 865 1742 obices
892 1673 976 1742 mihi
1001 1672 1208 1743 videbantur
1237 1672 1420 1742 adversum

422 1774 609 1859 quemlibet
624 1774 684 1857 qui
698 1795 819 1844 revera
834 1775 963 1843 intrare
979 1775 1091 1843 vellet.

505 1874 620 1945 “Num
633 1875 716 1945 nulli
731 1873 835 1943 foruli
860 1874 962 1957 lignei
985 1874 1027 1942 ad
1054 1873 1218 1957 tegendas
1240 1874 1303 1943 has
1327 1874 1420 1942 lene

421 1983 510 2046 stras
523 1996 669 2058 usquam
684 1980 820 2044 exstant
827 1974 863 2043 ?’'
879 1995 1005 2057 quaero.

504 2075 616 2158 “Quin
631 2082 785 2157 exstant;
801 2074 874 2144 heri
888 2081 1026 2144 tantum
1041 2075 1166 2144 sublati
1181 2081 1217 2143 et
1231 2074 1266 2143 in
1282 2095 1419 2157 carpus-

419 2178 545 2246 culum¹
563 2174 725 2246 reconditi
741 2182 831 2244 sunt.
848 2175 950 2244 Visne
965 2197 1023 2243 eos
1038 2176 1186 2244 referam
1195 2174 1232 2244 i”

504 2276 638 2346 “Satius
652 2275 768 2358 puto,”
794 2274 961 2358 respondi.
985 2274 1140 2358 “Egesne
1154 2276 1258 2345 ullius
1272 2275 1418 2358 opera?”

504 2375 603 2445 “Non
614 2397 718 2458 egeo;
733 2375 826 2444 haud
841 2382 922 2445 sunt
937 2397 1071 2458 graves.
1086 2375 1118 2445 Si
1135 2376 1190 2444 hic
1206 2374 1419 2459 praestolabe-

421 2478 467 2546 ris
483 2478 566 2547 dum
581 2498 645 2558 ego
660 2475 745 2544 loris
760 2497 817 2544 eos
832 2476 1035 2558 pependero,
1051 2482 1091 2544 tu
1107 2476 1289 2546 intrinsece
1315 2497 1419 2544 uncos

419 2577 633 2659 instringes.''

504 2677 628 2746 “Recte
657 2676 810 2758 statuis,”
846 2676 988 2759 probavi
1026 2676 1099 2746 eius
1131 2679 1353 2761 propositum,
1383 2685 1418 2747 et

419 2777 527 2850 Parks
541 2777 674 2860 prodiit.

503 2878 637 2947 Interea
652 2899 717 2960 ego
731 2877 898 2959 posticum
913 2876 1106 2946 cubiculum
1131 2877 1266 2961 intravi,
1288 2884 1324 2948 et
1338 2885 1418 2948 ante

419 3000 532 3048 arcam
559 2977 664 3046 Boule
690 2977 835 3046 constiti.
872 2977 955 3046 Mihi
981 2979 1118 3060 quidem
1141 2977 1214 3048 haec
1230 2979 1418 3061 petulantia

419 3078 566 3162 quadam
587 3099 623 3146 se
649 3085 822 3147 ostentare
847 3076 1029 3146 videbatur
1052 3084 1150 3147 tanto
1170 3079 1308 3162 fulgore
1322 3079 1418 3148 lumi-

418 3201 502 3248 num
516 3179 666 3260 perfusa,
682 3178 815 3259 singula
830 3179 980 3247 frustula
994 3178 1104 3261 operis
1119 3179 1321 3248 intestinarii
1345 3181 1418 3248 mil·

418 3280 449 3348 le
476 3279 578 3348 radiis
607 3278 775 3346 luminum
791 3278 1018 3347 reverberatis
1042 3300 1190 3348 corusca.
1220 3278 1354 3362 Species
1377 3301 1419 3348 ea

417 3385 491 3448 erat
505 3377 718 3460 iactabunda‚
735 3377 862 3460 species
887 3399 987 3446 vanae
1012 3379 1248 3462 ostentatricis,
1272 3380 1416 3449 aliorum

417 3477 661 3548 observationis
685 3478 818 3560 cupidae
842 3513 883 3522 -
909 3499 1047 3560 prorsus
1071 3485 1112 3547 ut
1136 3478 1219 3547 hera
1245 3480 1416 3562 quondam

417 3580 618 3661 Montespan
634 3577 746 3647 animo
760 3578 844 3660 fingi
859 3578 973 3660 possit,
989 3585 1030 3647 ut
1056 3577 1090 3646 in
1112 3578 1244 3648 ambitu
1268 3581 1417 3662 specula-

416 3679 466 3748 rio
491 3678 684 3748 Versalibus
709 3677 807 3747 solita
831 3677 876 3746 sit
891 3699 965 3747 sese
981 3680 1111 3748 iactans
1139 3679 1287 3747 vestium
1302 3702 1416 3749 susur-

416 3801 454 3846 ro
476 3779 648 3859 comitata,
674 3799 892 3860 corporeque,
918 3778 1050 3847 conscia
1064 3779 1264 3861 venustatis,
1290 3787 1417 3850 nutans

416 3879 604 3948 decursare.
626 3877 692 3948 Sed
708 3885 742 3947 et
758 3877 884 3960 aliquid
899 3878 1023 3960 minax,
1035 3879 1209 3948 sinistrum
1225 3901 1265 3948 ac
1279 3881 1416 3962 pestife-

415 4001 493 4048 rum
508 4015 549 4023 -

516 4199 538 4250 1.
559 4194 772 4264 Corpusculus,
789 4195 822 4260 -r',
843 4213 875 4250 ea
887 4213 949 4262 pars
962 4196 1057 4249 domus
1070 4213 1130 4264 quae
1142 4196 1192 4250 sub
1205 4201 1278 4250 terra
1291 4203 1341 4252 est.
