3554 5156
702 915 809 973 ocum
829 915 1016 970 sananim
1305 901 1367 972 121

364 1083 510 1168 denique
525 1107 567 1153 ex
581 1085 651 1154 imo
664 1107 752 1154 arcae
766 1084 876 1154 fundo
891 1105 965 1168 sese
980 1083 1152 1166 subduxit,
1174 1091 1270 1155 totus
1293 1087 1369 1155 vul·

367 1189 424 1253 tus
438 1183 561 1253 sudore
576 1183 747 1254 manabat.

449 1281 565 1366 “Opus
579 1283 726 1354 arduum
733 1284 816 1365 est,”
825 1282 937 1366 inquit
946 1283 1084 1352 demum
1092 1283 1252 1367 residens,
1260 1285 1368 1354 front-

366 1404 489 1466 emque
517 1383 686 1453 tersitans
732 1381 893 1466 “Tamen,
923 1404 1047 1466 nonne,
1077 1383 1205 1466 Lester,
1233 1405 1368 1468 magnae

366 1481 627 1566 pulchritudinis
648 1483 714 1553 ista
735 1483 812 1552 est?
835 1485 972 1564 Quanto
1000 1482 1078 1566 plus
1100 1504 1176 1553 eam
1204 1483 1368 1567 speculor,

367 1590 464 1653 tanto
479 1582 617 1653 videtur
631 1582 888 1653 admirabilior.”

449 1681 622 1766 “Explicui
638 1689 673 1752 et
687 1683 833 1752 Vantine
847 1704 903 1752 me
918 1683 991 1753 eius
1014 1683 1062 1754 rei
1085 1683 1230 1753 iudicem
1250 1705 1367 1768 parem

363 1781 458 1852 haud
473 1783 575 1866 esse,”
592 1783 757 1866 respondi,
774 1781 906 1866 “neque
920 1782 1020 1853 modo
1034 1783 1142 1852 sum.'’

449 1881 523 1952 “Ne
537 1905 602 1966 ego
616 1881 763 1966 quidem,
777 1889 893 1952 tamen
911 1890 1080 1966 quantum
1094 1883 1129 1952 in
1139 1904 1194 1953 me
1204 1889 1266 1966 est,
1278 1883 1368 1967 aequi

364 1981 512 2066 bonique
526 1983 624 2053 facio.
647 1981 868 2053 Pulchritudo
882 1983 949 2053 ista
960 1982 1100 2065 obryssa
1113 1989 1165 2052 est
1175 1983 1287 2054 aetatis
1301 1984 1369 2055 Lu-

364 2081 473 2153 dovici
488 2081 763 2161 (luatuordocimi
778 2119 819 2127 -
833 2083 916 2152 artis
930 2082 1086 2166 splendor
1100 2082 1144 2153 ad
1159 2119 1201 2128 -
1214 2084 1368 2154 issimum

362 2182 509 2266 gradum
525 2181 688 2252 sublatus
700 2182 809 2252 Cerne
823 2181 924 2252 modo
939 2204 1024 2266 opus
1038 2183 1212 2252 musivum
1226 2183 1261 2252 in
1276 2185 1369 2253 fron·

363 2290 399 2352 te
414 2317 454 2328 -
471 2281 702 2366 quidquamne
717 2282 906 2366 elegantius
930 2283 992 2352 tibi
1017 2284 1146 2366 fingere
1171 2283 1292 2366 potes?
1323 2284 1369 2354 Et

363 2381 446 2465 quid
468 2382 511 2453 de
525 2382 694 2452 caelaturis
712 2418 746 2428 -
763 2381 846 2452 nihil
858 2382 894 2451 in
908 2381 950 2453 iis
962 2382 1078 2466 frigidi
1092 2390 1128 2452 et
1142 2383 1255 2453 ieiuni.
1278 2383 1368 2454 Caelo

364 2503 406 2552 ea
420 2488 620 2552 ornamenta
634 2488 732 2552 erant
746 2481 930 2566 exsculpta,
946 2483 1005 2566 qui
1020 2482 1177 2552 manibus
1190 2482 1368 2555 obediebat

364 2581 523 2665 principis
551 2581 728 2652 cuiusdam
763 2582 901 2652 artificis
922 2618 963 2626 -
986 2582 1092 2666 ipsius
1120 2583 1265 2652 fortasse
1295 2583 1368 2653 heri

364 2681 481 2751 Boule.
504 2682 537 2750 N
539 2703 577 2751 ec
600 2681 726 2751 mirum
749 2682 777 2752 si
799 2681 947 2751 Vantine
970 2681 1013 2751 ob
1039 2703 1115 2751 eam
1130 2703 1203 2751 rem
1216 2683 1366 2752 furebat.

365 2781 560 2851 Foriculum
574 2787 690 2851 tamen
705 2803 785 2851 eum
795 2781 941 2852 necdum
953 2781 1170 2865 reperimus?
1185 2781 1283 2852 ethis
1294 2804 1369 2852 ver·

364 2880 416 2951 bis
430 2880 545 2950 sellam
560 2901 658 2951 suam
673 2881 812 2965 propius
825 2903 913 2951 arcae
927 2880 1088 2951 admovit.

449 2978 588 3050 “Unum
602 2987 637 3049 te
652 2979 820 3050 monitum
836 3002 908 3050 esse
922 2980 1054 3063 vellem,
1081 2979 1263 3065 Godfrey,”
1289 2981 1368 3052 allo-

365 3100 452 3163 quor
467 3101 565 3149 eum:
587 3078 691 3150 “situ
707 3079 821 3164 digitis
835 3080 1012 3150 ambarum
1026 3103 1193 3150 manuum
1218 3081 1370 3165 scalpita·

366 3200 403 3249 re
417 3179 612 3263 perrexeris,
627 3186 668 3249 ut
683 3178 795 3249 adhuc
810 3179 930 3263 fecisti,
951 3179 1023 3250 fieri
1037 3187 1109 3250 tam
1123 3181 1222 3251 facile
1245 3181 1369 3265 poterit

366 3286 407 3349 ut
421 3279 518 3361 laeva,
533 3300 636 3362 quam
651 3285 692 3349 ut
707 3287 800 3349 recta
814 3302 919 3350 manu
934 3279 1098 3350 feriaris.”

449 3377 559 3448 “Vera
574 3379 771 3462 memoras,”
786 3379 906 3462 probat
920 3379 984 3449 ille.
996 3377 1051 3450 “Si
1065 3401 1120 3450 me
1134 3379 1169 3450 id
1183 3380 1309 3451 iterum
1319 3381 1356 3450 fa

365 3479 511 3548 cientem
526 3478 651 3548 videris
665 3479 809 3549 admone
824 3501 879 3549 me
890 3481 935 3549 sis
944 3479 973 3548 !'’

458 3579 497 3647 ln
521 3579 636 3648 fronte
661 3601 749 3649 arcae
773 3586 843 3648 tres
864 3587 962 3649 erant
984 3579 1105 3660 foruli;
1135 3580 1198 3650 hos
1218 3580 1369 3665 Godfrey

366 3677 500 3748 evulsit.
523 3679 563 3747 ln
578 3679 691 3748 locum
705 3679 797 3749 unde
810 3679 873 3748 hos
888 3686 1069 3762 exemerat,
1084 3701 1226 3749 manum
1241 3687 1369 3750 rectam

366 3777 515 3861 ingessit,
538 3798 686 3861 eumque
710 3785 809 3848 caute
832 3779 1028 3862 exploravit
1066 3778 1231 3864 Deinceps
1257 3779 1371 3864 digitis

366 3877 533 3960 percurrit
547 3877 713 3948 umbones
728 3900 900 3962 rugasque
915 3878 1039 3948 musivi
1054 3879 1173 3962 operis,
1197 3902 1266 3963 quo
1289 3880 1371 3950 late·

368 3997 406 4046 ra
420 3976 628 4061 planumque
643 3999 731 4047 arcae
744 3978 932 4048 incrustata
945 3985 1052 4061 erant,
1068 3985 1103 4048 et
1117 3978 1191 4048 haec
1202 3979 1370 4063 digitatim

368 4083 405 4146 et
426 4076 600 4146 unciatim.
629 4077 659 4146 E
680 4078 849 4148 sententia
870 4077 989 4148 saltem
1014 4100 1100 4161 mea,
1115 4079 1142 4148 si
1158 4100 1304 4162 usquam
1319 4101 1372 4149 oc·

367 4175 451 4248 culti
465 4176 569 4247 foruli
584 4176 757 4262 latuerint,
771 4177 835 4248 hac
856 4177 988 4248 circiter
1010 4177 1046 4247 in
1068 4185 1165 4262 parte
1185 4179 1291 4250 latere
1314 4201 1373 4250 eoa
