<?xml version="1.0" encoding="UTF-8"?>
<!DOCTYPE html PUBLIC "-//W3C//DTD XHTML 1.0 Transitional//EN"
    "http://www.w3.org/TR/xhtml1/DTD/xhtml1-transitional.dtd">
<html xmlns="http://www.w3.org/1999/xhtml" xml:lang="en" lang="en">
 <head>
  <title>
</title>
<meta http-equiv="Content-Type" content="text/html;charset=utf-8" />
  <meta name='ocr-system' content='tesseract 3.04.00' />
  <meta name='ocr-capabilities' content='ocr_page ocr_carea ocr_par ocr_line ocrx_word'/>
</head>
<body>
  <div class='ocr_page' id='page_1' title='image "./mysteriumarcbou00mogygoog/mysteriumarcbou00mogygoog_0083.png"; bbox 0 0 3502 5158; ppageno 0'>
   <div class='ocr_carea' id='block_1_1' title="bbox 791 1865 1021 1938">
    <p class='ocr_par' dir='ltr' id='par_1_1' title="bbox 791 1865 1021 1938">
     <span class='ocr_line' id='line_1_1' title="bbox 791 1865 1021 1938; baseline -0.004 -1"><span class='ocrx_word' id='word_1_1' title='bbox 791 1865 943 1938; x_wconf 90' lang='lat' dir='ltr'><strong>CAPUT</strong></span> <span class='ocrx_word' id='word_1_2' title='bbox 957 1867 1021 1937; x_wconf 89' lang='lat' dir='ltr'><strong>Vll</strong></span> 
     </span>
    </p>
   </div>
   <div class='ocr_carea' id='block_1_2' title="bbox 719 2052 1086 2133">
    <p class='ocr_par' dir='ltr' id='par_1_2' title="bbox 719 2052 1086 2133">
     <span class='ocr_line' id='line_1_2' title="bbox 719 2052 1086 2133; baseline 0.003 -13"><span class='ocrx_word' id='word_1_3' title='bbox 719 2052 849 2133; x_wconf 81' lang='lat' dir='ltr'><strong>Roqera</strong></span> <span class='ocrx_word' id='word_1_4' title='bbox 869 2053 1086 2121; x_wconf 77' lang='lat' dir='ltr'><strong>Percettimr.</strong></span> 
     </span>
    </p>
   </div>
   <div class='ocr_carea' id='block_1_3' title="bbox 406 2231 1408 3813">
    <p class='ocr_par' dir='ltr' id='par_1_3' title="bbox 406 2231 1407 3301">
     <span class='ocr_line' id='line_1_3' title="bbox 491 2231 1405 2317; baseline -0.003 -14"><span class='ocrx_word' id='word_1_5' title='bbox 491 2233 628 2317; x_wconf 75' lang='lat' dir='ltr'><strong>GRADY,</strong></span> <span class='ocrx_word' id='word_1_6' title='bbox 649 2233 840 2304; x_wconf 88' lang='lat' dir='ltr'><strong>Sirnmonds</strong></span> <span class='ocrx_word' id='word_1_7' title='bbox 854 2240 890 2303; x_wconf 90' lang='lat' dir='ltr'><strong>et</strong></span> <span class='ocrx_word' id='word_1_8' title='bbox 904 2234 1113 2316; x_wconf 82' lang='lat' dir='ltr'><strong>Goldberger</strong></span> <span class='ocrx_word' id='word_1_9' title='bbox 1127 2235 1257 2303; x_wconf 89' lang='lat' dir='ltr'><strong>interea</strong></span> <span class='ocrx_word' id='word_1_10' title='bbox 1270 2231 1405 2302; x_wconf 90' lang='lat' dir='ltr'><strong>cubicu-</strong></span> 
     </span>
     <span class='ocr_line' id='line_1_4' title="bbox 406 2329 1404 2417; baseline -0.001 -17"><span class='ocrx_word' id='word_1_11' title='bbox 406 2329 479 2400; x_wconf 90' lang='lat' dir='ltr'><strong>lum</strong></span> <span class='ocrx_word' id='word_1_12' title='bbox 504 2333 613 2402; x_wconf 92' lang='lat' dir='ltr'><strong>isthoc</strong></span> <span class='ocrx_word' id='word_1_13' title='bbox 637 2334 830 2404; x_wconf 84' lang='lat' dir='ltr'><strong>accuratius</strong></span> <span class='ocrx_word' id='word_1_14' title='bbox 855 2335 1127 2417; x_wconf 88' lang='lat' dir='ltr'><strong>exploraverunt,</strong></span> <span class='ocrx_word' id='word_1_15' title='bbox 1156 2333 1286 2402; x_wconf 89' lang='lat' dir='ltr'><strong>animos</strong></span> <span class='ocrx_word' id='word_1_16' title='bbox 1315 2331 1404 2401; x_wconf 91' lang='lat' dir='ltr'><strong>enim</strong></span> 
     </span>
     <span class='ocr_line' id='line_1_5' title="bbox 408 2431 1405 2517; baseline 0.001 -17"><span class='ocrx_word' id='word_1_17' title='bbox 408 2452 527 2501; x_wconf 90' lang='lat' dir='ltr'><strong>eorum</strong></span> <span class='ocrx_word' id='word_1_18' title='bbox 542 2433 683 2516; x_wconf 85' lang='lat' dir='ltr'><strong>suspitio</strong></span> <span class='ocrx_word' id='word_1_19' title='bbox 697 2435 810 2504; x_wconf 91' lang='lat' dir='ltr'><strong>subire</strong></span> <span class='ocrx_word' id='word_1_20' title='bbox 825 2435 930 2517; x_wconf 85' lang='lat' dir='ltr'><strong>coepit</strong></span> <span class='ocrx_word' id='word_1_21' title='bbox 940 2441 1108 2504; x_wconf 89' lang='lat' dir='ltr'><strong>secretum</strong></span> <span class='ocrx_word' id='word_1_22' title='bbox 1118 2431 1405 2514; x_wconf 68' lang='lat' dir='ltr'><strong>huiustrJgoediae</strong></span> 
     </span>
     <span class='ocr_line' id='line_1_6' title="bbox 408 2531 1405 2617; baseline -0.001 -17"><span class='ocrx_word' id='word_1_23' title='bbox 408 2531 530 2602; x_wconf 91' lang='lat' dir='ltr'><strong>alicubi</strong></span> <span class='ocrx_word' id='word_1_24' title='bbox 545 2533 636 2603; x_wconf 88' lang='lat' dir='ltr'><strong>intra</strong></span> <span class='ocrx_word' id='word_1_25' title='bbox 650 2541 797 2617; x_wconf 88' lang='lat' dir='ltr'><strong>quatuor</strong></span> <span class='ocrx_word' id='word_1_26' title='bbox 810 2533 914 2604; x_wconf 89' lang='lat' dir='ltr'><strong>huius</strong></span> <span class='ocrx_word' id='word_1_27' title='bbox 928 2555 1044 2604; x_wconf 90' lang='lat' dir='ltr'><strong>muros</strong></span> <span class='ocrx_word' id='word_1_28' title='bbox 1055 2533 1269 2613; x_wconf 87' lang='lat' dir='ltr'><strong>delitescere;</strong></span> <span class='ocrx_word' id='word_1_29' title='bbox 1284 2553 1405 2600; x_wconf 91' lang='lat' dir='ltr'><strong>verum</strong></span> 
     </span>
     <span class='ocr_line' id='line_1_7' title="bbox 407 2631 1406 2717; baseline -0.002 -16"><span class='ocrx_word' id='word_1_30' title='bbox 407 2653 472 2713; x_wconf 82' lang='lat' dir='ltr'><strong>ego</strong></span> <span class='ocrx_word' id='word_1_31' title='bbox 486 2655 544 2702; x_wconf 90' lang='lat' dir='ltr'><strong>eos</strong></span> <span class='ocrx_word' id='word_1_32' title='bbox 558 2633 671 2704; x_wconf 91' lang='lat' dir='ltr'><strong>minus</strong></span> <span class='ocrx_word' id='word_1_33' title='bbox 686 2634 824 2704; x_wconf 84' lang='lat' dir='ltr'>sollicite</span> <span class='ocrx_word' id='word_1_34' title='bbox 839 2634 1028 2717; x_wconf 81' lang='lat' dir='ltr'>observavi,</span> <span class='ocrx_word' id='word_1_35' title='bbox 1049 2633 1141 2717; x_wconf 90' lang='lat' dir='ltr'><strong>quod</strong></span> <span class='ocrx_word' id='word_1_36' title='bbox 1164 2633 1299 2702; x_wconf 89' lang='lat' dir='ltr'><strong>animus</strong></span> <span class='ocrx_word' id='word_1_37' title='bbox 1322 2631 1406 2700; x_wconf 91' lang='lat' dir='ltr'><strong>mihi</strong></span> 
     </span>
     <span class='ocr_line' id='line_1_8' title="bbox 406 2731 1405 2817; baseline -0.001 -17"><span class='ocrx_word' id='word_1_38' title='bbox 406 2731 495 2801; x_wconf 87' lang='lat' dir='ltr'><strong>circa</strong></span> <span class='ocrx_word' id='word_1_39' title='bbox 509 2755 585 2802; x_wconf 89' lang='lat' dir='ltr'><strong>eam</strong></span> <span class='ocrx_word' id='word_1_40' title='bbox 599 2755 673 2803; x_wconf 90' lang='lat' dir='ltr'><strong>rem</strong></span> <span class='ocrx_word' id='word_1_41' title='bbox 687 2735 905 2817; x_wconf 82' lang='lat' dir='ltr'><strong>languescere</strong></span> <span class='ocrx_word' id='word_1_42' title='bbox 920 2735 1033 2816; x_wconf 86' lang='lat' dir='ltr'><strong>coepit.</strong></span> <span class='ocrx_word' id='word_1_43' title='bbox 1070 2734 1276 2803; x_wconf 87' lang='lat' dir='ltr'><strong>Persuasum</strong></span> <span class='ocrx_word' id='word_1_44' title='bbox 1301 2731 1405 2801; x_wconf 90' lang='lat' dir='ltr'><strong>etiam</strong></span> 
     </span>
     <span class='ocr_line' id='line_1_9' title="bbox 407 2831 1405 2915; baseline 0 -16"><span class='ocrx_word' id='word_1_45' title='bbox 407 2831 491 2900; x_wconf 91' lang='lat' dir='ltr'><strong>mihi</strong></span> <span class='ocrx_word' id='word_1_46' title='bbox 505 2839 580 2902; x_wconf 91' lang='lat' dir='ltr'><strong>erat</strong></span> <span class='ocrx_word' id='word_1_47' title='bbox 595 2854 652 2903; x_wconf 88' lang='lat' dir='ltr'><strong>eos</strong></span> <span class='ocrx_word' id='word_1_48' title='bbox 665 2832 710 2902; x_wconf 92' lang='lat' dir='ltr'><strong>ad</strong></span> <span class='ocrx_word' id='word_1_49' title='bbox 724 2833 945 2903; x_wconf 89' lang='lat' dir='ltr'><strong>revelandum</strong></span> <span class='ocrx_word' id='word_1_50' title='bbox 967 2855 1130 2903; x_wconf 90' lang='lat' dir='ltr'><strong>arcanum</strong></span> <span class='ocrx_word' id='word_1_51' title='bbox 1156 2831 1405 2915; x_wconf 85' lang='lat' dir='ltr'><strong>necquidquam</strong></span> 
     </span>
     <span class='ocr_line' id='line_1_10' title="bbox 409 2930 1406 3016; baseline -0.001 -16"><span class='ocrx_word' id='word_1_52' title='bbox 409 2939 613 3014; x_wconf 83' lang='lat' dir='ltr'><strong>reperturos.</strong></span> <span class='ocrx_word' id='word_1_53' title='bbox 635 2934 747 3002; x_wconf 87' lang='lat' dir='ltr'><strong>Etiam</strong></span> <span class='ocrx_word' id='word_1_54' title='bbox 762 2933 879 3004; x_wconf 89' lang='lat' dir='ltr'><strong>audivi</strong></span> <span class='ocrx_word' id='word_1_55' title='bbox 893 2933 1008 3016; x_wconf 88' lang='lat' dir='ltr'><strong>Grady</strong></span> <span class='ocrx_word' id='word_1_56' title='bbox 1022 2934 1190 3003; x_wconf 85' lang='lat' dir='ltr'><strong>dicentem</strong></span> <span class='ocrx_word' id='word_1_57' title='bbox 1205 2932 1333 3001; x_wconf 90' lang='lat' dir='ltr'><strong>nullam</strong></span> <span class='ocrx_word' id='word_1_58' title='bbox 1349 2930 1406 3000; x_wconf 91' lang='lat' dir='ltr'><strong>ali·</strong></span> 
     </span>
     <span class='ocr_line' id='line_1_11' title="bbox 408 3030 1407 3117; baseline -0.001 -17"><span class='ocrx_word' id='word_1_59' title='bbox 408 3052 466 3100; x_wconf 89' lang='lat' dir='ltr'><strong>arn</strong></span> <span class='ocrx_word' id='word_1_60' title='bbox 479 3053 553 3102; x_wconf 89' lang='lat' dir='ltr'><strong>esse</strong></span> <span class='ocrx_word' id='word_1_61' title='bbox 567 3033 705 3103; x_wconf 90' lang='lat' dir='ltr'><strong>ianuam</strong></span> <span class='ocrx_word' id='word_1_62' title='bbox 721 3033 785 3102; x_wconf 89' lang='lat' dir='ltr'><strong>nisi</strong></span> <span class='ocrx_word' id='word_1_63' title='bbox 800 3055 875 3102; x_wconf 90' lang='lat' dir='ltr'><strong>eam</strong></span> <span class='ocrx_word' id='word_1_64' title='bbox 890 3055 969 3117; x_wconf 89' lang='lat' dir='ltr'><strong>quae</strong></span> <span class='ocrx_word' id='word_1_65' title='bbox 982 3034 1046 3102; x_wconf 92' lang='lat' dir='ltr'><strong>hoc</strong></span> <span class='ocrx_word' id='word_1_66' title='bbox 1060 3032 1256 3102; x_wconf 91' lang='lat' dir='ltr'><strong>cubiculum</strong></span> <span class='ocrx_word' id='word_1_67' title='bbox 1271 3052 1349 3100; x_wconf 91' lang='lat' dir='ltr'><strong>cum</strong></span> <span class='ocrx_word' id='word_1_68' title='bbox 1361 3030 1407 3098; x_wconf 87' lang='lat' dir='ltr'><strong>al·</strong></span> 
     </span>
     <span class='ocr_line' id='line_1_12' title="bbox 407 3130 1407 3216; baseline -0.001 -16"><span class='ocrx_word' id='word_1_69' title='bbox 407 3138 482 3201; x_wconf 91' lang='lat' dir='ltr'><strong>tero</strong></span> <span class='ocrx_word' id='word_1_70' title='bbox 497 3133 629 3216; x_wconf 82' lang='lat' dir='ltr'><strong>iungat,</strong></span> <span class='ocrx_word' id='word_1_71' title='bbox 645 3139 681 3202; x_wconf 91' lang='lat' dir='ltr'><strong>et</strong></span> <span class='ocrx_word' id='word_1_72' title='bbox 695 3133 798 3202; x_wconf 91' lang='lat' dir='ltr'><strong>etiam</strong></span> <span class='ocrx_word' id='word_1_73' title='bbox 813 3154 919 3202; x_wconf 91' lang='lat' dir='ltr'><strong>uncos</strong></span> <span class='ocrx_word' id='word_1_74' title='bbox 939 3132 1170 3202; x_wconf 83' lang='lat' dir='ltr'><strong>fenestrarum</strong></span> <span class='ocrx_word' id='word_1_75' title='bbox 1186 3154 1245 3201; x_wconf 90' lang='lat' dir='ltr'><strong>eos</strong></span> <span class='ocrx_word' id='word_1_76' title='bbox 1261 3130 1407 3212; x_wconf 82' lang='lat' dir='ltr'><strong>vestiga·</strong></span> 
     </span>
     <span class='ocr_line' id='line_1_13' title="bbox 408 3232 539 3301; baseline 0.008 -1"><span class='ocrx_word' id='word_1_77' title='bbox 408 3253 445 3300; x_wconf 93' lang='lat' dir='ltr'><strong>re</strong></span> <span class='ocrx_word' id='word_1_78' title='bbox 460 3232 539 3301; x_wconf 91' lang='lat' dir='ltr'><strong>vidi.</strong></span> 
     </span>
    </p>

    <p class='ocr_par' dir='ltr' id='par_1_4' title="bbox 408 3329 1408 3700">
     <span class='ocr_line' id='line_1_14' title="bbox 493 3329 1407 3415; baseline -0.002 -15"><span class='ocrx_word' id='word_1_79' title='bbox 493 3330 584 3401; x_wconf 90' lang='lat' dir='ltr'><strong>“Has</strong></span> <span class='ocrx_word' id='word_1_80' title='bbox 598 3333 767 3402; x_wconf 87' lang='lat' dir='ltr'><strong>fenestras</strong></span> <span class='ocrx_word' id='word_1_81' title='bbox 781 3354 882 3402; x_wconf 90' lang='lat' dir='ltr'><strong>nemo</strong></span> <span class='ocrx_word' id='word_1_82' title='bbox 896 3332 1062 3401; x_wconf 87' lang='lat' dir='ltr'><strong>levaverit</strong></span> <span class='ocrx_word' id='word_1_83' title='bbox 1077 3332 1160 3415; x_wconf 92' lang='lat' dir='ltr'><strong>quin</strong></span> <span class='ocrx_word' id='word_1_84' title='bbox 1176 3339 1284 3401; x_wconf 89' lang='lat' dir='ltr'><strong>totam</strong></span> <span class='ocrx_word' id='word_1_85' title='bbox 1299 3329 1407 3400; x_wconf 89' lang='lat' dir='ltr'><strong>conci-</strong></span> 
     </span>
     <span class='ocr_line' id='line_1_15' title="bbox 408 3430 1407 3515; baseline -0.001 -15"><span class='ocrx_word' id='word_1_86' title='bbox 408 3437 459 3500; x_wconf 87' lang='lat' dir='ltr'><strong>tet</strong></span> <span class='ocrx_word' id='word_1_87' title='bbox 474 3431 644 3514; x_wconf 88' lang='lat' dir='ltr'><strong>domum‚&#39;’</strong></span> <span class='ocrx_word' id='word_1_88' title='bbox 660 3433 708 3502; x_wconf 88' lang='lat' dir='ltr'><strong>ait</strong></span> <span class='ocrx_word' id='word_1_89' title='bbox 724 3432 847 3515; x_wconf 87' lang='lat' dir='ltr'><strong>Grady,</strong></span> <span class='ocrx_word' id='word_1_90' title='bbox 868 3431 976 3514; x_wconf 82' lang='lat' dir='ltr'><strong>digito</strong></span> <span class='ocrx_word' id='word_1_91' title='bbox 1001 3430 1152 3500; x_wconf 90' lang='lat' dir='ltr'><strong>indicans</strong></span> <span class='ocrx_word' id='word_1_92' title='bbox 1176 3431 1324 3511; x_wconf 85' lang='lat' dir='ltr'><strong>tortilia,1</strong></span> <span class='ocrx_word' id='word_1_93' title='bbox 1350 3451 1407 3512; x_wconf 71' lang='lat' dir='ltr'><strong>pn</strong></span> 
     </span>
     <span class='ocr_line' id='line_1_16' title="bbox 409 3529 1408 3612; baseline -0.001 -13"><span class='ocrx_word' id='word_1_94' title='bbox 409 3537 479 3600; x_wconf 91' lang='lat' dir='ltr'><strong>stes</strong></span> <span class='ocrx_word' id='word_1_95' title='bbox 491 3531 720 3601; x_wconf 80' lang='lat' dir='ltr'><strong>fenestrarum</strong></span> <span class='ocrx_word' id='word_1_96' title='bbox 734 3530 939 3601; x_wconf 88' lang='lat' dir='ltr'><strong>comitantia.</strong></span> <span class='ocrx_word' id='word_1_97' title='bbox 978 3529 1213 3600; x_wconf 87' lang='lat' dir='ltr'><strong>“Suscitabula</strong></span> <span class='ocrx_word' id='word_1_98' title='bbox 1227 3536 1307 3599; x_wconf 88' lang='lat' dir='ltr'><strong>sunt</strong></span> <span class='ocrx_word' id='word_1_99' title='bbox 1322 3551 1408 3612; x_wconf 83' lang='lat' dir='ltr'><strong>prae-</strong></span> 
     </span>
     <span class='ocr_line' id='line_1_17' title="bbox 409 3628 554 3700; baseline 0.014 -2"><span class='ocrx_word' id='word_1_100' title='bbox 409 3628 554 3700; x_wconf 81' lang='lat' dir='ltr'><strong>donia.&#39;’²</strong></span> 
     </span>
    </p>

    <p class='ocr_par' dir='ltr' id='par_1_5' title="bbox 492 3729 1407 3813">
     <span class='ocr_line' id='line_1_18' title="bbox 492 3729 1407 3813; baseline -0.003 -13"><span class='ocrx_word' id='word_1_101' title='bbox 492 3729 545 3800; x_wconf 89' lang='lat' dir='ltr'><strong>Sic</strong></span> <span class='ocrx_word' id='word_1_102' title='bbox 559 3730 675 3813; x_wconf 92' lang='lat' dir='ltr'><strong>itaque</strong></span> <span class='ocrx_word' id='word_1_103' title='bbox 690 3731 813 3800; x_wconf 87' lang='lat' dir='ltr'><strong>certior</strong></span> <span class='ocrx_word' id='word_1_104' title='bbox 826 3731 940 3799; x_wconf 82' lang='lat' dir='ltr'><strong>factus</strong></span> <span class='ocrx_word' id='word_1_105' title='bbox 955 3751 990 3798; x_wconf 92' lang='lat' dir='ltr'><strong>se</strong></span> <span class='ocrx_word' id='word_1_106' title='bbox 1014 3729 1058 3799; x_wconf 96' lang='lat' dir='ltr'><strong>ibi</strong></span> <span class='ocrx_word' id='word_1_107' title='bbox 1081 3730 1164 3799; x_wconf 92' lang='lat' dir='ltr'><strong>nihil</strong></span> <span class='ocrx_word' id='word_1_108' title='bbox 1190 3730 1336 3812; x_wconf 73' lang='lat' dir='ltr'><strong>amplius</strong></span> <span class='ocrx_word' id='word_1_109' title='bbox 1357 3750 1407 3797; x_wconf 91' lang='lat' dir='ltr'><strong>re-</strong></span> 
     </span>
    </p>
   </div>
   <div class='ocr_carea' id='block_1_4' title="bbox 409 3927 1408 4236">
    <p class='ocr_par' dir='ltr' id='par_1_6' title="bbox 509 3927 1352 3996">
     <span class='ocr_line' id='line_1_19' title="bbox 509 3927 1352 3996; baseline 0 -14"><span class='ocrx_word' id='word_1_110' title='bbox 509 3931 533 3982; x_wconf 91' lang='lat'><strong>1.</strong></span> <span class='ocrx_word' id='word_1_111' title='bbox 553 3927 670 3992; x_wconf 81' lang='lat' dir='ltr'><strong>Tdrtt&#39;le,</strong></span> <span class='ocrx_word' id='word_1_112' title='bbox 687 3927 734 3992; x_wconf 65' lang='lat' dir='ltr'><strong>ds,</strong></span> <span class='ocrx_word' id='word_1_113' title='bbox 751 3947 792 3991; x_wconf 76' lang='lat' dir='ltr'><strong>n..</strong></span> <span class='ocrx_word' id='word_1_114' title='bbox 803 3931 878 3982; x_wconf 86' lang='lat' dir='ltr'><strong>filum</strong></span> <span class='ocrx_word' id='word_1_115' title='bbox 888 3945 1016 3982; x_wconf 85' lang='lat' dir='ltr'><strong>vocamus</strong></span> <span class='ocrx_word' id='word_1_116' title='bbox 1023 3929 1189 3981; x_wconf 89' lang='lat' dir='ltr'><strong>metallicum</strong></span> <span class='ocrx_word' id='word_1_117' title='bbox 1202 3928 1352 3996; x_wconf 87' lang='lat' dir='ltr'><strong>quodlibet.</strong></span> 
     </span>
    </p>

    <p class='ocr_par' dir='ltr' id='par_1_7' title="bbox 409 4012 1408 4236">
     <span class='ocr_line' id='line_1_20' title="bbox 509 4012 1407 4080; baseline -0.002 -14"><span class='ocrx_word' id='word_1_118' title='bbox 509 4017 535 4065; x_wconf 87' lang='lat'><strong>2.</strong></span> <span class='ocrx_word' id='word_1_119' title='bbox 550 4013 704 4078; x_wconf 76' lang='lat' dir='ltr'><strong>Apparatus</strong></span> <span class='ocrx_word' id='word_1_120' title='bbox 721 4014 872 4076; x_wconf 86' lang='lat' dir='ltr'><strong>electricus‚</strong></span> <span class='ocrx_word' id='word_1_121' title='bbox 893 4015 939 4080; x_wconf 91' lang='lat' dir='ltr'><strong>qui</strong></span> <span class='ocrx_word' id='word_1_122' title='bbox 965 4013 1070 4064; x_wconf 89' lang='lat' dir='ltr'><strong>incolas</strong></span> <span class='ocrx_word' id='word_1_123' title='bbox 1092 4012 1187 4064; x_wconf 74' lang='lat' dir='ltr'><strong>domus</strong></span> <span class='ocrx_word' id='word_1_124' title='bbox 1204 4013 1333 4077; x_wconf 82' lang='lat' dir='ltr'><strong>clangore</strong></span> <span class='ocrx_word' id='word_1_125' title='bbox 1359 4017 1407 4064; x_wconf 80' lang='lat' dir='ltr'><strong>aut</strong></span> 
     </span>
     <span class='ocr_line' id='line_1_21' title="bbox 409 4095 1408 4164; baseline 0 -14"><span class='ocrx_word' id='word_1_126' title='bbox 409 4097 513 4150; x_wconf 88' lang='lat' dir='ltr'><strong>tinnitu</strong></span> <span class='ocrx_word' id='word_1_127' title='bbox 526 4095 652 4150; x_wconf 70' lang='lat' dir='ltr'><strong>meitut</strong></span> <span class='ocrx_word' id='word_1_128' title='bbox 669 4103 697 4150; x_wconf 92' lang='lat' dir='ltr'><strong>et</strong></span> <span class='ocrx_word' id='word_1_129' title='bbox 708 4103 812 4158; x_wconf 84' lang='lat' dir='ltr'><strong>evocat,</strong></span> <span class='ocrx_word' id='word_1_130' title='bbox 826 4097 849 4149; x_wconf 86' lang='lat' dir='ltr'><strong>si</strong></span> <span class='ocrx_word' id='word_1_131' title='bbox 860 4097 1000 4164; x_wconf 83' lang='lat' dir='ltr'><strong>praedones</strong></span> <span class='ocrx_word' id='word_1_132' title='bbox 1023 4096 1158 4150; x_wconf 75' lang='lat' dir='ltr'><strong>fenestras</strong></span> <span class='ocrx_word' id='word_1_133' title='bbox 1179 4102 1227 4148; x_wconf 86' lang='lat' dir='ltr'><strong>aut</strong></span> <span class='ocrx_word' id='word_1_134' title='bbox 1251 4095 1348 4148; x_wconf 86' lang='lat' dir='ltr'><strong>ianuas</strong></span> <span class='ocrx_word' id='word_1_135' title='bbox 1370 4098 1408 4150; x_wconf 73' lang='lat' dir='ltr'><strong>te</strong></span> 
     </span>
     <span class='ocr_line' id='line_1_22' title="bbox 409 4186 523 4236; baseline 0.018 -2"><span class='ocrx_word' id='word_1_136' title='bbox 409 4186 523 4236; x_wconf 83' lang='lat' dir='ltr'><strong>merent.</strong></span> 
     </span>
    </p>
   </div>
   <div class='ocr_carea' id='block_1_5' title="bbox 0 0 1766 5158">
    <p class='ocr_par' dir='ltr' id='par_1_8' title="bbox 0 0 1766 5158">
     <span class='ocr_line' id='line_1_23' title="bbox 0 0 1766 5158; baseline 0 0"><span class='ocrx_word' id='word_1_137' title='bbox 0 0 1766 5158; x_wconf 95' lang='lat' dir='ltr'><strong> </strong></span> 
     </span>
    </p>
   </div>
  </div>
 </body>
</html>
