3500 5158
542 904 738 960 caucasea
759 903 945 962 snuoouu
967 905 1105 962 seman
1261 889 1325 962 309

323 1071 478 1144 acumine
505 1074 690 1158 superavit.
713 1074 798 1146 Mihi
813 1073 904 1145 enirn
918 1095 1122 1158 persuasum
1135 1080 1211 1146 erat
1224 1073 1325 1146 hodie

324 1193 404 1242 eum
417 1182 606 1245 venturum
622 1227 630 1244 .
647 1227 655 1244 .
668 1175 698 1244 .’'

407 1271 534 1356 “Quid?
549 1275 649 1345 Tune
658 1274 786 1346 scivisti
795 1297 875 1346 eum
886 1274 1113 1346 venturumi''
1125 1281 1267 1359 stupens
1274 1297 1326 1346 re-

324 1373 463 1456 petebat
478 1375 604 1458 Grady.
620 1373 708 1460 “Qui
730 1376 765 1446 id
788 1375 933 1447 scivisti?
958 1411 1001 1422 -
1023 1397 1067 1446 an
1093 1397 1176 1446 vero
1191 1397 1229 1447 os
1243 1375 1327 1446 mihi

324 1474 506 1547 sublinis?”

407 1573 516 1645 “Seivi
531 1597 612 1647 eum
628 1577 845 1659 venturum,''
861 1577 982 1648 asserit
997 1576 1148 1660 Godfrey
1163 1576 1324 1660 breviter,

327 1671 509 1756 “quoniam
522 1675 572 1746 ita
586 1676 670 1746 mihi
686 1677 810 1760 scripto
824 1677 1030 1748 nuntiavit.”

408 1774 522 1846 Herus
536 1776 637 1860 Pigot
652 1776 792 1848 brevem
807 1777 913 1848 risum
926 1777 1041 1848 edidit

409 1873 534 1946 “Moris
556 1875 610 1946 sui
624 1884 678 1947 est
690 1877 725 1946 id
738 1878 929 1959 iactitare,”
945 1877 1066 1961 inquit,
1082 1875 1138 1948 “et
1152 1877 1326 1961 promissis

327 1981 419 2046 stare
432 1975 536 2046 etiam
551 1977 666 2047 solet”

410 2073 481 2144 “Eo
495 2097 572 2146 sum
587 2075 780 2160 deceptus,''
794 2077 1013 2161 prosequitur
1029 2077 1191 2161 Godirey,
1209 2075 1323 2162 “quod

326 2196 406 2245 eum
420 2196 488 2244 non
504 2182 576 2245 tam
589 2183 725 2246 matura
738 2176 804 2246 diei
819 2185 916 2261 parte
927 2177 1131 2262 exspectavi,
1157 2177 1249 2248 unde
1274 2179 1326 2247 ia·

327 2281 422 2344 ctum
437 2282 489 2346 est
504 2283 545 2347 ut
559 2276 659 2346 facile
681 2283 801 2347 auctor
814 2278 937 2349 fuisset
952 2298 1059 2360 quare
1073 2298 1137 2362 ego
1151 2277 1195 2348 ad
1209 2277 1324 2362 ignem

326 2374 465 2445 fatuum
474 2375 719 2459 insectandum,
729 2377 772 2446 ad
780 2377 1024 2460 explorandum
1032 2377 1151 2448 fictum
1160 2386 1325 2449 eventum

327 2474 450 2546 missus
465 2497 583 2546 essem.
598 2476 695 2546 Istud
708 2499 764 2546 me
772 2477 914 2560 decepit.
932 2479 1178 2548 Verumtamen
1193 2499 1258 2561 ego
1273 2500 1326 2548 oc·

327 2575 460 2646 cultum
474 2576 627 2647 forulum
642 2575 710 2646 iam
725 2577 821 2647 denis
835 2585 917 2648 ante
936 2577 1056 2647 diebus
1079 2576 1189 2660 reperi
1212 2584 1248 2647 et
1268 2599 1326 2648 ex·

327 2675 457 2757 ploravi
472 2675 611 2746 -dum
625 2697 824 2760 creansque
839 2677 875 2746 in
890 2677 1021 2747 aedibus
1045 2677 1193 2746 Vantine
1211 2699 1325 2748 serva·

328 2775 487 2845 batur-
501 2774 662 2860 postridie
684 2798 828 2861 vespera
839 2797 907 2860 qua
922 2777 1080 2847 Matrona
1095 2778 1217 2848 Velata
1244 2799 1324 2848 suas

329 2875 460 2946 litteras
475 2883 747 2959 recuperaverat.
773 2877 819 2947 Et
841 2877 905 2946 hoc
924 2878 1021 2948 factu
1035 2877 1118 2947 satis
1128 2877 1229 2948 facile
1243 2884 1327 2948 erat.

329 2976 444 3059 Miror,
474 2975 604 3059 Lester,
625 2997 791 3060 perquam
806 2977 898 3061 quod
913 2977 956 3047 de
969 2999 1011 3047 ea
1022 2999 1059 3048 re
1073 2999 1142 3048 non
1165 2984 1206 3048 tu
1220 2977 1325 3049 etiam

328 3074 522 3160 cogitavisti
532 3075 561 3144 l'’

413 3175 512 3257 “Qua
526 3176 569 3246 de
585 3197 621 3246 re
635 3199 704 3248 non
719 3177 866 3260 cogitavi
873 3178 909 3248 ‘l”
924 3198 1040 3262 quaero
1050 3199 1125 3261 ego.

413 3275 486 3346 “De
500 3277 603 3347 ianua
617 3277 740 3348 harum
753 3278 947 3361 ambagum.
964 3278 1109 3349 Forulus
1123 3277 1183 3362 qui
1197 3277 1329 3348 litteras

330 3376 471 3459 celabat,
485 3376 554 3446 fuit
569 3399 591 3446 a
604 3378 691 3447 laevo
706 3378 812 3448 latere
826 3399 927 3461 arcae;
943 3377 1023 3447 inde
1038 3378 1154 3447 statim
1179 3377 1329 3448 intellexi

331 3477 375 3546 ab
388 3477 532 3546 adverso
547 3478 653 3547 latere
668 3477 771 3548 alium
786 3478 940 3549 forulum
953 3477 1150 3548 delitescere
1161 3485 1330 3562 oportere,

332 3598 434 3660 quern
449 3583 484 3647 et
499 3598 520 3646 a
534 3576 655 3647 dextro
670 3578 777 3648 latere
791 3585 966 3661 repertum
981 3577 1129 3661 aperui.”

415 3674 510 3760 “Ego
524 3677 692 3760 quidem,”
710 3678 859 3761 inquam,
871 3677 960 3748 “non
976 3677 1147 3761 perspexi3
1169 3699 1213 3747 ne
1227 3677 1329 3748 modo

332 3776 469 3861 quidem
487 3777 683 3861 perspicio.”

416 3874 607 3961 “Agedum,
623 3878 794 3962 perpende
809 3877 936 3962 paucis.
948 3878 1017 3948 Cur
1025 3877 1095 3949 fuit
1104 3877 1234 3949 Drouet
1244 3878 1328 3948 occi·

332 3979 411 4048 sus?
423 3978 510 4060 Quia
524 3999 704 4049 erroneum
720 3979 855 4062 aperuit
868 3979 1030 4049 forulum.
1047 3978 1080 4048 Is
1094 3977 1186 4048 enirn
1198 3977 1332 4048 rnecha-

333 4079 443 4149 nisma
457 4078 610 4149 adextro
624 4100 713 4149 arcae
727 4079 935 4162 attrectavit,
950 4080 1022 4149 loco
1036 4100 1058 4149 a
1070 4080 1167 4149 laevo.
1177 4080 1331 4150 Venusta

333 4181 389 4251 illa
403 4178 490 4249 Iulia
504 4178 692 4249 necessario
703 4178 842 4262 erravit,
857 4179 905 4250 iili
919 4180 1091 4262 dextrum,
1107 4180 1179 4249 loco
1193 4179 1271 4250 laevi
1287 4179 1332 4250 la·
