3554 5156
554 923 728 977 uonnoms
749 923 889 988 ournnn
911 922 1123 978 sncurnron
1278 906 1341 976 145

424 1088 592 1160 “Lumina
606 1091 673 1160 iam
689 1099 771 1160 sunt
785 1112 935 1172 accensa,
950 1090 997 1160 mi
1012 1090 1134 1174 Here,”
1159 1087 1342 1172 respondit.

424 1189 517 1260 “lam
535 1190 698 1261 accensa?
720 1191 890 1274 Quidnam
906 1191 954 1261 rei
970 1197 1022 1261 est
1030 1189 1066 1260 ?”

423 1289 557 1361 “Herus
571 1291 722 1374 Godfrey
735 1291 949 1374 aliquantum
963 1291 1017 1361 hic
1043 1297 1096 1360 est
1119 1297 1283 1372 moratus,
1304 1310 1342 1359 re

339 1391 405 1475 illa,
421 1395 509 1474 arca,
523 1390 722 1462 fatuando.’'

425 1489 552 1575 “Itane,
568 1492 730 1562 revera?”
746 1499 821 1562 tum
837 1491 918 1562 mihi
933 1492 968 1562 in
983 1499 1133 1562 mentem
1153 1491 1248 1561 venit
1262 1491 1345 1562 faci·

340 1591 371 1661 le
387 1592 535 1675 potuisse
550 1614 606 1662 me
620 1592 772 1662 divinare
788 1593 845 1662 ubi
861 1593 932 1676 ipse
947 1599 1148 1662 moraretur.
1164 1591 1253 1662 “Fac
1263 1612 1343 1661 eum

341 1691 458 1774 Parks,
472 1693 650 1762 certiorem
666 1715 720 1762 me
733 1715 811 1762 cum
827 1693 997 1777 aliquibus
1007 1713 1120 1763 arcam
1136 1693 1248 1762 visum
1263 1713 1343 1760 mox

340 1791 582 1875 adventurum,
605 1814 729 1876 meque
755 1793 842 1863 velle
866 1815 947 1863 eum
973 1815 1088 1862 rerum
1116 1791 1344 1876 gerendarum

340 1898 463 1962 testem
477 1890 613 1974 habere,
629 1914 713 1974 roga
726 1893 845 1976 itaque
859 1915 940 1963 eum
961 1898 1002 1962 ut
1016 1892 1183 1963 maneat”

426 1991 593 2074 “Facimn,
608 1993 654 2061 mi
670 1993 792 2075 Here,'’
808 1993 981 2076 respondit
996 1992 1113 2063 Parks.

427 2091 687 2176 “Tranquillane
702 2094 815 2162 omnia
824 2093 860 2162 ?''

424 2191 552 2274 “Sunt;
574 2192 643 2262 duo
658 2193 792 2262 lictores
806 2199 916 2263 totam
939 2201 1075 2263 noctem
1097 2193 1225 2262 circum
1251 2193 1344 2262 dom-

341 2315 401 2362 um
422 2291 602 2376 degenmt,
623 2314 688 2376 ego
709 2300 827 2362 autem
855 2301 891 2364 et
920 2295 1051 2377 Rogers
1073 2293 1167 2362 intus
1192 2293 1345 2377 vigilavi·

340 2393 449 2462 mus.”

424 2491 563 2563 “Rheda
583 2493 656 2563 heri
682 2492 905 2564 Homblower
931 2494 973 2563 ad
1000 2495 1126 2565 ostium
1152 2495 1275 2578 adstat,
1298 2495 1346 2564 mi

342 2592 463 2676 Here,”
480 2615 586 2676 pansa
600 2595 704 2664 ianua
718 2593 919 2665 ministellus
934 2595 1111 2677 significat.

425 2691 590 2763 “Factum
615 2693 735 2776 bene,'’
757 2694 923 2778 respondi.
956 2694 1138 2765 “Protinus
1163 2695 1345 2778 aderimus

342 2792 459 2863 Parks.
481 2793 564 2864 Vale
593 2793 758 2865 interea!''
780 2800 817 2864 et
829 2817 933 2878 penso
947 2795 1198 2878 auscultatorio,
1222 2795 1345 2865 laenam

342 2891 496 2963 celeriter
510 2893 615 2963 indui.

426 2993 528 3076 Tum,
544 3001 584 3063 ut
599 2994 726 3077 pileum
753 2994 954 3079 deprompsi,
979 2993 1143 3078 cogitatio
1167 2993 1345 3065 subitanea

344 3092 427 3164 mihi
442 3093 604 3164 incurrit:

425 3193 460 3263 Si
475 3193 614 3277 ignotus
628 3193 682 3263 ille
698 3193 850 3264 Francus
863 3216 983 3264 revera
998 3193 1193 3265 emissarius
1217 3193 1291 3264 heri
1313 3196 1346 3265 X

343 3293 461 3376 fuerit,
487 3292 645 3364 Matrona
669 3315 749 3363 eum
776 3295 875 3364 facile
889 3301 1061 3378 agnoscet.
1083 3295 1181 3378 Vaga
1207 3295 1344 3378 quidem

342 3392 529 3475 hariolatio,
544 3393 649 3477 digna
663 3400 779 3464 tamen
794 3416 873 3477 quae
887 3393 1059 3464 tentetur!
1089 3393 1225 3464 Accessi
1239 3395 1346 3479 igitur

345 3493 611 3576 adscriptoriam,
621 3494 816 3577 exprompsi
826 3493 972 3576 effigiem
984 3493 1066 3564 mihi
1079 3517 1100 3564 a
1115 3494 1266 3578 Godfrey
1291 3495 1348 3565 da·

342 3599 425 3675 tam,
438 3592 474 3662 in
489 3594 662 3663 sacculum
677 3594 858 3663 recondidi.
880 3594 953 3664 Hoc
968 3601 1115 3678 peracto,
1137 3594 1181 3665 ad
1207 3595 1346 3666 tolleno-

342 3714 422 3763 nem
438 3693 626 3776 properavi.

687 4009 986 4230 ''dt“
