3554 5156
410 893 472 963 110
699 909 911 964 ursrumuu
926 903 1169 963 nncuuourn

407 1084 443 1146 et
457 1085 540 1147 tunc
555 1079 699 1160 quaestio
713 1087 802 1148 esset
823 1079 983 1148 fortunae.
1000 1077 1282 1161 Freylinghuisen
1300 1077 1411 1147 existi-

409 1184 481 1247 mat
507 1178 541 1247 id
565 1179 796 1248 inventionem
822 1201 895 1247 esse
921 1201 1056 1248 novam.
1084 1179 1157 1260 Ego
1173 1201 1271 1262 nego.
1294 1179 1413 1248 Potius

408 1279 530 1361 aliquis
553 1279 635 1347 mihi
660 1279 798 1349 videtur
824 1279 1060 1362 praescriptum
1091 1279 1280 1349 Mediceum
1310 1285 1412 1347 vetus

409 1379 584 1461 reperisse.
622 1379 778 1448 Fortasse
806 1379 879 1448 haec
909 1380 1059 1447 formula
1084 1379 1120 1446 in
1143 1378 1275 1448 occulto
1298 1379 1412 1448 forulo

409 1485 483 1548 erat
498 1479 680 1560 recondita,
696 1486 736 1548 ut
752 1501 886 1562 semper
900 1485 989 1548 esset
1004 1479 1095 1548 unde
1121 1479 1351 1548 mechanisma
1366 1477 1411 1548 ali

411 1580 556 1662 posset.’'

494 1678 561 1748 “Mi
588 1679 770 1762 Gudfrey,”
796 1701 912 1760 quaero
934 1700 1024 1761 eum,
1051 1677 1225 1760 “usquene
1248 1678 1413 1748 desiderio

410 1779 484 1849 eius
498 1779 547 1847 rei
563 1779 778 1861 experiendae
794 1779 920 1847 teneris
928 1779 966 1846 ?”

493 1877 701 1960 “Nunquam
717 1879 843 1960 magis;
865 1879 1017 1947 forulum
1038 1879 1134 1946 illum
1158 1880 1331 1948 occultum
1357 1901 1414 1947 ex-

410 1980 541 2062 plorare
558 2001 708 2062 pergam.
724 1979 838 2060 Atque
864 1978 893 2046 si
919 1978 1039 2046 dentes
1061 1979 1108 2047 illi
1131 1979 1314 2048 feriant-
1329 1986 1412 2062 estu,

411 2102 469 2149 ero
485 2087 634 2161 paratus.
650 2078 736 2147 Vide
753 2079 797 2146 sis
812 2078 894 2161 quid
910 2078 1009 2147 hodie
1024 2079 1195 2148 fecerim.''

496 2179 558 2247 His
572 2179 670 2246 dictis
685 2201 703 2246 e
719 2179 850 2246 sacculo
866 2178 991 2259 aliquid
1008 2178 1177 2260 produxit,
1194 2179 1284 2260 quod
1296 2201 1414 2249 manu-

410 2279 510 2347 tium¹
535 2278 747 2360 chalybeium
764 2300 836 2346 esse
851 2278 1044 2358 videbatur,
1059 2279 1167 2346 veluti
1179 2301 1256 2360 quae
1267 2279 1301 2346 in
1314 2280 1413 2348 sutis²

411 2379 568 2448 videmus
582 2386 751 2447 veterum.
769 2378 806 2446 ld
822 2377 938 2447 manui
953 2377 1088 2447 induxit
1101 2378 1241 2447 dextrae.

493 2494 562 2564 “Ut
577 2494 684 2576 vides,
698 2493 890 2562 manutium
907 2501 1017 2562 totam
1038 2497 1161 2562 mamis
1183 2495 1270 2576 tegit
1298 2517 1413 2577 super-

410 2596 553 2678 ficiem,''
579 2595 702 2677 inquit,
729 2592 794 2662 “ad
817 2594 1035 2662 medictatem
1058 2594 1280 2663 articulorum
1305 2617 1414 2676 usque

410 2696 605 2777 digitorum.
639 2695 782 2762 Factum
797 2715 816 2762 e
832 2693 1033 2775 rigidissima
1059 2693 1200 2775 chalybe
1225 2700 1287 2777 est,
1310 2701 1414 2776 atque

410 2796 569 2878 glandem
586 2800 826 2877 repercuteret.
850 2793 964 2874 Atque
980 2793 1120 2883 videsne
1135 2794 1182 2861 mi
1199 2793 1328 2876 Lester‚
1354 2791 1413 2876 qui

398 2897 448 2965 ·in
463 2894 574 2964 medio
589 2901 749 2963 cavatum
767 2893 810 2962 sit
819 2892 855 2961 ?''

494 2995 653 3077 “Vide0,”
669 2994 820 3076 inquam,
835 2992 1026 3075 “mirorque
1042 3016 1104 3063 cur
1119 2993 1153 3062 id
1169 2993 1217 3062 ita
1232 2994 1384 3063 feceris.’'

494 3111 776 3194 “Aliquantulum
789 3110 877 3179 illius
891 3110 1025 3192 veneni,
1050 3110 1195 3193 exempli
1220 3112 1338 3193 instar,
1360 3134 1412 3180 ac-

411 3212 523 3294 cipere
546 3213 633 3280 v0l0.
659 3211 710 3279 Ex
735 3233 812 3279 mea
838 3211 928 3278 enim
954 3211 1133 3292 sententia,
1157 3232 1264 3292 quum
1291 3211 1412 3280 dentes

411 3333 552 3380 manum
567 3311 774 3394 percutiunt,
789 3311 877 3379 ictus
891 3311 1075 3392 guttulam,
1087 3311 1143 3378 vel
1159 3310 1254 3392 duas
1269 3311 1343 3380 eius
1357 3333 1414 3381 ve

412 3412 491 3481 neni
507 3412 585 3480 inde
600 3411 699 3480 elicit.
721 3410 809 3481 Nolo
824 3418 863 3478 ut
888 3411 1037 3492 guttulae
1062 3432 1112 3478 eae
1139 3410 1332 3494 depereant,
1354 3412 1412 3481 sed

413 3513 527 3595 potius
541 3519 581 3580 ut
597 3513 631 3580 in
647 3512 712 3580 ista
727 3532 812 3579 cava
826 3510 1019 3592 decurrant,
1041 3512 1264 3592 collectasque
1280 3517 1414 3582 summa

412 3616 494 3683 cura
508 3613 631 3695 phialae
646 3611 866 3680 committam.
889 3609 996 3692 Finge
1011 3611 1111 3678 modo
1126 3611 1208 3694 quid
1234 3611 1267 3680 id
1289 3612 1343 3694 sit,
1366 3612 1412 3682 mi

411 3711 547 3782 Lester!
563 3747 604 3755 «-
619 3732 791 3780 venenum
806 3709 1034 3778 Mediceorum
1045 3709 1074 3777 l”

495 3811 622 3882 Sedens
637 3811 807 3894 paulisper
821 3809 946 3893 partim
960 3808 1076 3879 hilaris
1090 3832 1171 3879 eum
1186 3812 1412 3896 aspectabam,

513 4031 536 4080 1.
554 3993 602 4080 Est
615 4026 779 4092 operculum,
793 4025 852 4077 sive
863 4025 949 4076 vestis
962 4041 1107 4086 manuum:
1125 4027 1278 4078 Romanum
1295 4034 1346 4080 est.

511 4115 536 4165 2.
555 4111 639 4173 Sella,
661 4125 768 4172 crum,
785 4109 890 4168 thorax,
903 4109 1089 4173 cataphracta,
1110 4115 1299 4174 tegumentum
1320 4112 1414 4163 metal-

413 4197 498 4250 licum
512 4195 636 4264 pectoris,
658 4200 706 4248 aut
723 4193 809 4247 totius
826 4191 954 4258 corporis,
967 4192 1001 4244 ad
1014 4193 1177 4246 avertendos
1197 4193 1269 4246 ictus
1285 4195 1413 4253 telorum,
