3536 5156
403 854 465 926 198
667 873 876 927 ursranruu
897 871 1005 927 mom
1026 864 1145 926 soors

486 1037 704 1110 “Rectissime
720 1040 900 1121 statrdsti‚''
922 1040 1044 1123 probat
1066 1040 1147 1123 ipse.
1172 1037 1348 1120 “AEcmum
1369 1044 1406 1106 et

404 1161 468 1224 ego
483 1142 635 1210 censeo.”

488 1240 596 1311 Parks
624 1242 736 1325 paullo
765 1248 842 1324 post
865 1263 885 1310 a
911 1241 1045 1310 duabus
1069 1239 1179 1323 operis
1208 1239 1402 1320 comitatus,

401 1341 502 1410 rediit
536 1363 610 1411 rem
646 1342 830 1425 quamdam
865 1342 1041 1411 involucro
1072 1341 1270 1410 obvolutam
1306 1339 1403 1408 baiu-

403 1441 562 1525 lantibuS,
579 1462 665 1525 quos
680 1449 772 1512 arete
788 1448 926 1512 secutus
941 1449 993 1511 est
1018 1441 1165 1510 vicarius
1190 1439 1298 1510 Musei
1318 1439 1405 1508 Met-

405 1542 592 1624 ropolitani.

488 1640 643 1711 “Nomen
657 1642 739 1711 mihi
754 1642 874 1712 Lester
889 1643 971 1726 est,”
988 1643 1188 1725 praefectum
1204 1639 1313 1722 docui,
1329 1637 1406 1708 “ex-

405 1749 540 1812 secutor
565 1742 760 1811 testamenti
787 1743 860 1811 heri
886 1742 1045 1824 Vantine,
1059 1743 1113 1812 hic
1137 1747 1253 1811 autem
1279 1740 1332 1810 vir
1352 1746 1406 1808 est

405 1844 509 1912 herus
531 1841 625 1911 Felix
649 1842 811 1924 Armand
837 1864 879 1911 ex
904 1843 1071 1912 consortio
1096 1841 1247 1910 Annand
1270 1847 1305 1909 et
1327 1839 1404 1920 Fils,

405 1942 551 2012 Parisiis.
573 1942 779 2024 Corrigendo
793 1942 927 2012 cuidam
950 1943 1055 2011 errori
1079 1943 1192 2024 paullo
1216 1948 1296 2010 ante
1318 1961 1405 2008 mor-

404 2049 475 2112 tem
489 2041 563 2111 heri
577 2041 725 2113 Vantine
739 2043 917 2112 commisso
943 2042 1152 2124 satagimus!
1177 2042 1236 2110 llla
1260 2061 1338 2110 arca
1358 2038 1405 2107 ibi

406 2165 449 2212 ex
463 2164 577 2211 errore
592 2143 660 2211 huc
674 2142 776 2211 missa
791 2148 842 2212 est
856 2143 928 2211 loco
943 2143 1016 2211 eius
1031 2164 1134 2224 quam
1149 2142 1219 2224 ipse
1232 2139 1404 2223 praestina-

406 2249 513 2311 verat
537 2245 651 2311 Herus
666 2241 818 2311 Armand
833 2249 961 2311 rectam
977 2264 1016 2311 ac
1039 2263 1157 2310 veram
1173 2241 1296 2310 advehi
1310 2261 1405 2309 cura·

406 2343 467 2424 vit,
483 2364 559 2411 eam
574 2349 691 2411 autem
706 2363 784 2424 quae
799 2363 862 2410 sua
874 2349 936 2425 est,
952 2341 1147 2424 asportabit.
1179 2341 1252 2422 Ego
1268 2341 1335 2409 iam
1357 2347 1404 2408 to

406 2449 477 2510 tam
493 2463 566 2510 rem
580 2441 746 2511 advocato
767 2441 875 2511 Musei
899 2443 1046 2514 narravi,
1075 2441 1269 2511 consultum
1290 2447 1405 2508 tamen

407 2541 489 2612 duxi
504 2549 539 2611 te
554 2541 774 2611 emutationis
788 2549 910 2610 testem
925 2543 1127 2611 accersere.'’

489 2657 648 2727 “Minime
663 2657 791 2741 dubito,
807 2659 853 2726 mi
871 2661 971 2740 Here,
987 2680 1058 2727 rem
1074 2680 1207 2740 aequam
1223 2657 1327 2740 geri,”
1348 2656 1406 2724 ho-

406 2780 463 2828 mo
488 2759 596 2828 Musei
621 2759 793 2841 respondit
816 2759 980 2840 protinus.
1013 2757 1119 2840 “Tibi‚
1144 2758 1235 2827 haud
1261 2756 1406 2838 ambigo,

409 2858 557 2941 cognitio
572 2859 696 2927 harum
712 2880 826 2928 rerum
841 2866 894 2927 est
908 2858 1122 2941 personalis.”

492 2957 702 3027 “Personalis
716 2965 778 3026 est.
801 2957 854 3027 Ab
868 2957 940 3040 ipso
955 2959 1036 3027 hero
1051 2957 1198 3026 Vantine
1214 2958 1344 3026 teneo.”

491 3073 649 3158 “Ratum,
664 3073 789 3156 itaque,
804 3073 851 3142 mi
868 3076 990 3155 Here‚”
1006 3075 1120 3143 oculos
1135 3082 1249 3143 tamen
1264 3095 1342 3143 cum
1352 3095 1408 3141 vo-

409 3177 541 3259 luptate
556 3175 591 3242 in
606 3196 684 3242 arca
698 3175 804 3243 Boule
820 3175 987 3256 pascebat.
1012 3175 1092 3243 “Est
1109 3175 1258 3256 supellex
1279 3173 1403 3242 nitidis-

410 3276 503 3345 sima.
521 3275 625 3343 Doleo
640 3274 730 3356 quod
745 3296 813 3342 non
829 3275 946 3343 Museo
968 3275 1159 3357 competit,”
1182 3275 1217 3343 in
1242 3295 1409 3343 commen·

410 3376 574 3444 tationem
589 3374 774 3445 subiunxit.

493 3491 616 3560 “Forte
631 3489 743 3559 licebit
758 3490 817 3560 tibi
834 3490 877 3560 ab
901 3491 983 3559 hero
1006 3491 1158 3559 Annand
1181 3490 1409 3572 praestinare,''

411 3591 501 3661 suasi
517 3613 591 3673 ego,
608 3590 666 3660 sed
681 3600 818 3660 curator
833 3591 945 3659 ridens
959 3598 1063 3672 caput
1079 3590 1269 3672 quassabat.

495 3689 619 3759 “Haud
643 3690 722 3772 ita,”
751 3691 858 3759 refert
887 3690 950 3770 ille,
981 3688 1196 3760 “adiumenta
1217 3688 1314 3759 nobis
1341 3711 1408 3757 non

409 3797 605 3873 suppetunt.
627 3789 692 3860 Sed
716 3791 861 3859 fortasse
883 3789 936 3858 Sir
962 3789 1087 3872 Caspar
1113 3789 1234 3858 herum
1262 3789 1406 3871 Morgan

512 3993 536 4043 1.
553 3989 688 4056 Sota90‚³
708 3989 774 4054 -ooi,
796 3995 917 4051 oetam,
945 3999 1043 4055 praeter
1068 3991 1178 4042 solitum
1203 4005 1235 4041 ac
1261 3989 1408 4040 litteralem

411 4091 521 4127 sensum
535 4075 692 4140 plerumque
705 4075 850 4125 adhibetur
862 4075 895 4125 ad
907 4074 1104 4138 designandam
1119 4073 1241 4125 sedulam
1254 4088 1284 4124 ac
1299 4073 1413 4138 diligen-

410 4166 466 4213 tem
483 4173 600 4225 operam,
614 4158 716 4225 aliquid
728 4158 859 4218 celeriter,
872 4158 1018 4223 perniciter
1029 4173 1117 4223 agere,
1131 4155 1277 4209 natinari.
