3536 5156
413 866 474 934 182
672 882 879 937 ursrnrruu
902 881 1010 936 nrcm
1032 875 1154 936 nouus

412 1049 569 1119 Matrona
582 1049 625 1120 dc
647 1050 848 1134 Montespan
871 1057 991 1134 parata
1017 1057 1116 1131 esset,
1142 1050 1260 1118 forulo
1285 1049 1419 1118 occulto

413 1149 533 1232 utique
547 1171 616 1218 non
631 1151 837 1232 carituram;
859 1157 904 1232 et,
920 1151 1081 1234 quoniam
1107 1151 1180 1218 lraec
1206 1148 1417 1230 temporibus

414 1249 615 1332 Brinvillicr,
631 1258 736 1332 atque
752 1251 802 1319 La
816 1251 933 1320 Voisin
949 1250 1062 1332 fiebat,
1078 1250 1159 1333 quid
1186 1249 1295 1330 magis
1318 1247 1417 1316 mori·

415 1348 480 1418 bus
494 1348 534 1418 iis
548 1357 814 1419 consentaneum
830 1373 903 1419 esse
918 1356 1062 1433 poterat,
1078 1371 1182 1432 quam
1197 1347 1287 1431 quod
1303 1347 1418 1430 praesi·

415 1449 470 1518 dio
486 1449 746 1519 machinationis
760 1471 941 1519 venenosae
952 1449 1188 1520 munireturl”

498 1581 609 1663 “Quid
618 1584 772 1665 profecto
780 1584 821 1652 iis
830 1584 981 1652 moribus
991 1584 1101 1666 magis
1111 1581 1416 1652 consentaneum?”

416 1683 541 1765 repetit
564 1684 729 1752 salutator
752 1705 860 1764 meus,
886 1684 969 1752 dum
994 1705 1059 1765 ego
1085 1704 1164 1752 eum
1179 1682 1298 1752 maiori
1313 1683 1416 1750 etiam

416 1783 492 1852 nisu
509 1805 592 1865 erga
607 1805 662 1852 me
677 1784 760 1852 ferri
777 1806 819 1852 ex
835 1784 939 1852 oculis
964 1785 1038 1852 eius
1063 1783 1170 1852 videri
1196 1804 1294 1865 posse
1319 1789 1418 1864 puta-

416 1883 504 1952 bam.
527 1881 772 1953 “Ratiocinaris
787 1884 925 1966 optime,
939 1884 986 1952 mi
1002 1884 1092 1953 Here
1109 1883 1258 1952 Lester.”

502 2015 748 2085 “Ratiocinatio
774 2017 878 2099 haec‚’'
906 2017 1007 2086 retuli
1023 2038 1097 2098 ego,
1122 2015 1271 2085 “statum
1295 2036 1420 2096 rerum,

419 2116 511 2185 haud
527 2115 626 2185 aliter
639 2116 866 2199 perspicuum,
882 2117 1053 2185 declarare
1068 2115 1214 2185 videtur.
1246 2114 1344 2184 Adde
1371 2121 1419 2182 et-

419 2216 487 2284 iam
501 2215 592 2298 quod
607 2218 762 2286 novitate
778 2215 826 2284 rei
841 2216 1016 2285 delectat.'’

502 2347 590 2418 “Res
617 2349 684 2418 ista
708 2357 800 2418 certe
827 2348 961 2418 insueta
985 2349 1068 2431 est,”
1095 2349 1195 2418 avide
1221 2348 1416 2428 assentitur,

417 2455 572 2532 aestuque
590 2449 692 2517 animi
708 2448 795 2517 oculi
811 2449 885 2518 eius
899 2471 961 2518 ceu
984 2449 1131 2531 geminae
1153 2470 1273 2532 prunae
1298 2448 1419 2516 cande·

417 2549 509 2618 bant.
537 2548 632 2631 “Ego
645 2570 728 2618 vero
743 2549 821 2619 inde
836 2571 857 2617 a
872 2549 1004 2619 tenellis
1029 2549 1255 2632 unguiculis‚”
1281 2548 1420 2617 subiun-

417 2649 479 2731 git,
494 2671 602 2732 quum
617 2649 781 2718 intuitum
794 2671 911 2720 meum
926 2650 1223 2730 animadverteret,
1251 2647 1380 2717 “admir
1402 2689 1414 2700 ·

419 2750 512 2818 tione
527 2749 717 2831 mysteriosi
733 2749 842 2818 omnis
857 2749 1007 2818 tenebar.
1035 2749 1173 2818 Fabulae
1187 2749 1229 2817 de
1245 2748 1347 2817 rebus
1366 2669 1420 2816 gc·

419 2849 520 2917 cultis
535 2849 605 2916 vim
620 2848 655 2917 in
670 2870 726 2917 mc
741 2857 913 2930 exserunt,
930 2871 1033 2932 quam
1061 2849 1231 2919 declarare
1257 2869 1325 2916 non
1347 2869 1420 2930 pos-

420 2970 514 3030 sum;
546 2947 672 3030 aliquid
701 2949 785 3017 mihi
815 2948 850 3016 in
880 2949 1046 3031 sanguine
1076 2949 1168 3029 latet,
1198 2948 1289 3030 quod
1319 2947 1421 3016 nutui

421 3070 539 3117 earum
555 3047 777 3129 obtemperat.
793 3047 943 3117 Subinde
958 3047 1145 3130 persuadeo
1160 3047 1241 3115 mihi
1254 3047 1421 3129 optimum

420 3147 569 3230 potuisse
595 3148 842 3229 speculatorem
866 3169 922 3216 me
946 3147 1093 3216 evasisse
1118 3155 1236 3216 -aut
1252 3147 1421 3228 insignem

422 3249 686 3317 malefactorem.
702 3247 792 3316 Loco
807 3248 930 3316 horum
945 3255 1113 3317 mercator
1127 3255 1264 3316 tantum
1279 3267 1355 3316 sum
1371 3268 1421 3315 re-

420 3369 496 3417 rum
511 3348 730 3416 curiosarum.
748 3347 834 3416 Hinc
850 3347 1017 3430 intelliges
1032 3369 1137 3430 quare
1152 3347 1302 3415 historiis
1317 3345 1420 3415 huius

333 3503 338 3512 .
421 3447 557 3530 generis
571 3446 713 3516 insolitis
727 3447 812 3516 adeo
826 3447 969 3529 capiar.’'

504 3579 731 3649 “Adiumento
743 3580 840 3649 nobis
854 3581 999 3650 fortasse
1013 3580 1086 3649 fieri
1113 3580 1269 3663 poteris‚''
1295 3580 1421 3649 suadeo

421 3681 478 3763 illi,
495 3679 629 3749 “meum
645 3679 735 3749 enim
751 3680 925 3749 theorema
946 3680 1082 3749 omnino
1106 3683 1298 3750 refutatum
1321 3679 1421 3749 fuit.'’

507 3795 757 3864 “Refutatum?
780 3795 934 3879 Quonam
950 3795 1052 3865 modo
1060 3795 1097 3864 l’'
1114 3795 1246 3878 quaerit.

509 3911 676 3980 “Forulus
690 3912 842 3981 occultus
858 3919 1013 3995 repertus
1026 3918 1079 3981 est
1095 3966 1102 3980 .
1119 3965 1126 3980 .
1144 3913 1173 3980 .''

506 4045 618 4125 “Quid
627 4044 663 4114 ?’'
679 4045 802 4114 clamat
817 4067 900 4114 voce
915 4067 987 4128 prae
1001 4051 1140 4128 stupore
1154 4053 1265 4115 acuta.
1279 4043 1423 4127 “Reper-

427 4145 506 4216 tus?
529 4145 674 4216 Forulos
689 4146 839 4216 occultus
854 4145 924 4214 luit
938 4153 1094 4227 repertus
1102 4145 1138 4215 ?’'
