3536 5156
674 2131 825 2204 CAPUT
845 2131 940 2202 XVII

549 2320 668 2388 Herus
682 2319 849 2387 Arooood
866 2319 1062 2400 Comparel.

394 2499 582 2570 REVERSUS
596 2497 631 2566 in
645 2496 814 2568 officinam
828 2497 937 2581 reperi
951 2498 1073 2568 herum
1088 2498 1233 2569 Felicem
1248 2499 1309 2569 Ar·

311 2601 424 2683 mand,
439 2620 483 2669 ex
497 2597 664 2668 consortio
687 2598 840 2668 Armand
855 2605 890 2668 et
906 2597 974 2668 Fils
987 2598 1112 2669 ibidem
1136 2621 1311 2684 comparu-

311 2701 386 2783 isse,
401 2700 460 2771 sed
475 2720 583 2782 quum
598 2719 663 2780 ego
677 2698 759 2769 alias
773 2698 917 2782 egissem
931 2698 1098 2782 pagellam
1113 2721 1175 2783 pro
1188 2721 1244 2769 me
1259 2722 1310 2770 re

311 2800 448 2884 liquisse
462 2821 542 2869 cum
556 2797 677 2868 nob'tia
690 2798 855 2882 graphide
869 2798 1003 2882 scripta,
1019 2820 1087 2881 qua
1102 2820 1157 2869 me
1168 2800 1310 2870 docebat

312 2922 348 2971 se
361 2901 484 2971 futuro
498 2899 553 2970 die
568 2899 676 2968 Lunae
690 2898 946 2968 antemeridiem
970 2899 1097 2968 iterum
1111 2906 1309 2970 venturum.

312 3001 408 3072 Alius
423 3021 559 3084 quoque
574 2999 740 3068 salutator
753 2999 949 3081 advenerat,
971 2999 1030 3081 qui
1055 3021 1111 3068 me
1133 3021 1310 3070 reversum

312 3100 549 3184 opperiebatur
564 3133 605 3144 -
620 3097 674 3168 vir
688 3098 826 3181 quidam
837 3120 997 3182 procerus
1011 3105 1047 3168 et
1061 3098 1232 3183 robustus,
1241 3099 1311 3169 lon·

311 3200 365 3284 gis
378 3198 594 3282 mystaeibus,
616 3198 675 3281 qui
690 3219 726 3268 se
740 3197 823 3268 mibi
847 3198 969 3268 sistens
983 3198 1075 3268 aibat
1090 3219 1126 3268 se
1141 3198 1311 3269 Simonem

312 3300 364 3372 W.
380 3299 522 3383 Morgan
537 3297 660 3380 vocari,
675 3297 886 3381 incolamque
901 3319 974 3367 esse
989 3298 1099 3381 Osuge
1111 3297 1198 3382 Cily,
1210 3299 1310 3369 Iowu

395 3397 594 3469 “Proximus
608 3397 726 3467 miselli
742 3396 885 3481 Philippi
912 3397 1060 3468 Vantine
1083 3397 1186 3468 vivus
1208 3421 1312 3482 agna·

312 3507 380 3582 tus,
395 3499 486 3568 Here
500 3497 578 3581 mi,''
600 3518 636 3567 se
651 3496 772 3567 sistens
787 3497 892 3567 fatur.
922 3495 1028 3567 “Veni
1044 3497 1193 3580 primum
1208 3519 1312 3582 quam

313 3597 498 3683 poteram-³,

397 3697 527 3768 “Probe
549 3719 589 3768 ac
613 3697 667 3781 pie
696 3694 878 3779 statuisti‚”
906 3695 1009 3766 laudo
1037 3696 1199 3780 pietatem
1229 3698 1311 3768 eius.

314 3797 506 3869 “Funebria
519 3819 603 3881 cros,
619 3798 703 3868 hora
717 3797 846 3867 decima
860 3795 1040 3880 matutina,
1054 3797 1089 3867 in
1113 3797 1243 3869 aedibus
1258 3799 1314 3869 de·

314 3897 441 3969 mortui
456 3897 750 3968 celebrabuntur.”

398 3996 629 4081 “Accepistine
644 4019 760 4067 meum
774 3996 1028 4080 telegraphema
1036 3995 1073 4069 ?”

398 4096 573 4181 “Accepi''
587 4097 737 4181 inquam.

398 4197 573 4283 Paulisper
587 4196 622 4268 in
637 4197 719 4270 sella
732 4219 796 4269 sua
810 4197 903 4269 haud
926 4198 1100 4270 commode
1122 4199 1311 4271 vacillabat
