3500 5158
436 899 499 969 282
694 913 905 969 merorum
925 913 1034 968 rece
1055 907 1175 969 eoum

437 1082 552 1164 stinet,
567 1081 731 1152 obsistere
746 1081 876 1166 nequit„
898 1083 951 1152 Ex
964 1103 1034 1166 quo
1048 1082 1111 1152 hos
1127 1080 1254 1165 lapides
1269 1082 1439 1163 amiserat,

436 1183 554 1253 furere
568 1204 746 1266 nunquam
761 1183 903 1264 destitit,
914 1203 1092 1265 nunquam
1102 1179 1303 1251 maledicere
1313 1179 1442 1264 pedise-

437 1303 590 1366 quosque
605 1283 786 1353 verberare
802 1319 843 1328 -
857 1304 968 1353 unum
983 1283 1107 1352 horum
1129 1282 1215 1352 adeo
1238 1280 1377 1364 quidem
1397 1288 1440 1351 ut

436 1383 516 1454 inde
530 1390 730 1453 moreretur.
752 1383 862 1468 Super
876 1404 947 1453 una
961 1382 1017 1452 vel
1032 1383 1141 1453 altera
1160 1404 1197 1452 re
1222 1381 1297 1451 fere
1321 1387 1441 1451 omnes

436 1483 635 1565 insanimuS,
649 1490 690 1553 ut
705 1483 879 1566 proditum
904 1482 1038 1564 audivi;
1067 1483 1103 1552 in
1125 1503 1269 1565 summa,
1293 1481 1441 1564 Magnus

438 1583 516 1653 Dux
544 1583 687 1654 Michael
716 1605 820 1667 super
847 1584 1048 1654 adamantes
1076 1588 1202 1666 praeter
1226 1581 1368 1652 modum
1392 1581 1440 1649 in-

437 1683 557 1753 sanit.”

521 1781 612 1854 “Cur
626 1784 740 1853 furem
755 1783 800 1853 ad
814 1781 1064 1854 restituendum
1078 1781 1219 1866 praemio
1229 1802 1298 1852 non
1308 1782 1441 1852 allecta·

437 1883 489 1954 vit
497 1881 536 1954 ?''
551 1883 675 1967 quaerit
689 1882 890 1954 Simmonda

523 1981 739 2066 “Tentavit,”
755 1985 864 2055 refert
884 1982 1114 2066 herusrigot„
1136 1980 1280 2054 “Statim
1300 1989 1441 2053 cunctas

439 2104 519 2154 suas
532 2084 692 2153 fortunas
705 2083 741 2153 in
755 2084 936 2168 praemium
951 2082 1084 2153 obtulit.
1106 2081 1173 2154 Sed
1196 2083 1348 2153 fortunae
1368 2103 1440 2154 suae

436 2183 481 2253 ad
506 2184 733 2253 allectandum
759 2182 931 2254 Crochard
956 2183 1050 2253 haud
1076 2188 1175 2253 erant
1200 2183 1283 2254 satis
1307 2183 1440 2265 amplae,

437 2305 518 2354 nam
532 2284 680 2368 Magnus
694 2283 773 2354 Dux
788 2305 909 2355 revera
923 2284 990 2355 alia
1011 2304 1049 2354 re
1072 2305 1177 2368 quam
1200 2283 1315 2354 reditu
1338 2282 1440 2353 bono

438 2405 516 2454 rum
541 2383 681 2454 familiae
704 2383 799 2454 nulla
824 2385 936 2468 oollet,
959 2405 1022 2454 nec
1037 2390 1072 2454 te
1087 2384 1184 2454 fallet
1198 2405 1278 2453 eum
1301 2403 1440 2467 prorsus

437 2490 551 2554 totum
566 2484 756 2554 absumere.
778 2484 927 2555 Maximo
942 2485 990 2554 iili
1005 2491 1099 2555 certe
1112 2483 1179 2554 erit
1193 2483 1440 2554 delectamento

437 2583 500 2654 has
514 2605 668 2667 gemmas
681 2605 703 2654 a
716 2582 814 2654 nobis
829 2591 981 2668 repertas
1001 2585 1107 2655 esse.”

521 2683 692 2767 Cogitatio
707 2691 784 2754 tum
798 2685 881 2754 mihi
896 2685 1014 2754 incidit
1027 2684 1151 2755 herum
1165 2684 1277 2768 Pigot,
1292 2684 1365 2755 sine
1379 2683 1440 2754 du·

439 2783 504 2868 bio,
519 2784 683 2854 bellulum
699 2783 779 2854 inde
793 2785 973 2867 praenoum
987 2786 1150 2855 laturum.

523 2882 629 2954 “Ecce
643 2905 797 2967 gemmas
811 2885 1043 2967 convasatas,”
1057 2884 1106 2955 ait
1120 2883 1320 2967 Simmonds,
1336 2891 1377 2955 ut
1391 2883 1440 2954 vi·

439 2983 559 3053 <iulum
573 2983 674 3054 celeri
688 2983 837 3068 impulsu
852 2984 983 3068 clausit,
1004 3005 1113 3068 quum
1138 2984 1239 3054 simul
1263 2990 1300 3054 et
1324 2983 1440 3066 Grady

440 3083 593 3153 intravit.

522 3181 629 3252 “Rem
642 3183 759 3266 itaque
773 3183 816 3253 de
830 3184 943 3253 forulo
954 3183 1182 3266 diremimue''
1196 3183 1304 3254 refert
1315 3183 1439 3266 Grady,

439 3280 927 3365 “atqueclavulare1decuriae
941 3290 1068 3354 nostrae
1093 3283 1161 3353 iam
1185 3283 1290 3354 etiam
1315 3283 1439 3354 adstat.

440 3382 538 3465 Digae
552 3383 734 3452 meritoriae
746 3405 816 3452 non
826 3382 1000 3454 fidendum
1010 3383 1131 3466 putavi
1147 3419 1187 3429 -
1202 3381 1440 3467 subveniant

438 3482 474 3552 in
488 3483 637 3565 aliquam
652 3504 725 3552 rem
739 3483 913 3553 incurrere
938 3490 1061 3567 posset,
1086 3504 1150 3552 nec
1164 3482 1263 3553 decet
1275 3505 1338 3554 nos
1351 3483 1440 3567 peri-

439 3583 516 3653 cuia
530 3583 684 3652 consulto
698 3584 862 3653 accire-
876 3585 998 3654 saltem
1022 3605 1091 3654 non
1113 3583 1177 3653 hac
1199 3587 1351 3654 vectura
1373 3583 1439 3666 Tu,

439 3682 639 3766 Simmonds,
654 3683 812 3753 comitem
826 3691 862 3754 te
875 3683 1042 3768 prebebis
1063 3683 1171 3754 Musir
1194 3682 1343 3766 Piggott,
1367 3704 1440 3767 spe·

439 3782 625 3866 cialemque
651 3783 804 3853 lictorem
824 3783 920 3854 iuxta
948 3783 1106 3867 aurigam
1133 3782 1317 3854 collooobia
1350 3783 1438 3853 Fieri

439 3883 530 3953 enim
544 3883 669 3965 poterit
683 3889 724 3953 ut
737 3882 908 3954 Crochard
924 3883 1091 3968 impetum
1103 3883 1139 3952 in
1155 3890 1190 3954 te
1205 3884 1346 3954 tentet”

540 4118 564 4170 1.
579 4114 747 4180 Claoulore,
765 4116 814 4182 -ie,
835 4134 875 4180 n.,
888 4124 930 4171 est
942 4133 1037 4171 currus
1061 4118 1096 4172 ad
1121 4117 1302 4180 devehendos,
1319 4119 1441 4172 velcon.

439 4200 588 4254 vectandoe
599 4201 716 4263 militen
732 4201 778 4254 hic
790 4217 884 4254 currus
895 4202 1028 4256 lictorius.
