3536 5156
411 903 472 973 190
702 912 1168 974 uvsmmuunncmuoucu

493 1087 597 1156 “Haec
612 1087 752 1170 quidem
762 1089 959 1170 hactenus,''
975 1089 1168 1171 interpellat
1194 1089 1413 1172 Goldberger.

411 1187 563 1269 Godfrey
578 1193 695 1256 autem
710 1188 752 1257 de
768 1188 867 1270 podio
883 1188 1066 1257 descendit.

494 1289 567 1369 Ego
583 1287 660 1356 dein
677 1287 719 1356 ad
734 1295 873 1357 narrata
888 1287 1118 1358 confirmanda
1133 1295 1313 1358 revocatus
1324 1311 1411 1358 sum.

413 1387 540 1470 Utique
556 1395 590 1456 et
605 1391 670 1470 ego
685 1389 783 1457 renui
799 1410 923 1456 nomen
949 1389 1100 1458 mulieris
1116 1388 1257 1469 prodere
1272 1411 1411 1458 causam

410 1488 493 1557 hero
509 1488 718 1570 Goldberger
739 1488 889 1570 allegans
912 1511 967 1557 me
982 1488 1016 1557 id
1032 1489 1220 1558 exercenda
1236 1490 1415 1572 professio

413 1611 456 1657 ne
472 1588 658 1668 rescivisse,
673 1610 727 1657 me
743 1589 949 1670 caeteroquin
965 1611 1027 1671 pro
1041 1597 1135 1658 certo
1147 1589 1231 1658 scire
1246 1611 1323 1658 eam
1340 1590 1414 1658 nul-

413 1690 483 1757 lum
499 1688 608 1757 scelus
629 1695 852 1771 perpetrasse,
868 1696 913 1770 et,
929 1689 1085 1770 denique,
1101 1688 1135 1757 id
1151 1691 1314 1772 evulgare
1340 1712 1415 1759 mu-

412 1789 484 1857 lieri
499 1788 625 1856 insonti
641 1789 788 1857 maximo
810 1789 1021 1857 incommodo
1047 1789 1166 1858 cedere
1192 1811 1299 1871 posse.
1322 1789 1413 1858 Nihil

413 1890 529 1970 itaque
546 1895 733 1971 supererat,
748 1889 811 1958 nisi
826 1895 867 1957 ut
881 1889 1062 1969 inquisitor
1085 1890 1211 1958 auditis
1226 1911 1262 1958 se
1277 1897 1416 1959 conten-

411 1997 487 2057 tum
503 2011 576 2057 esse
592 1990 772 2057 fateretur.

494 2088 608 2170 Grady
623 2089 658 2157 in
673 2088 811 2170 podium
829 2089 953 2157 citatus
979 2110 1046 2156 non
1061 2089 1147 2170 fuit;
1170 2112 1214 2157 ne
1228 2089 1415 2172 inquisitio-

413 2188 448 2256 ni
464 2189 603 2270 quidem
618 2188 785 2257 interfuit.
820 2188 909 2267 Quin
925 2189 1003 2257 inde
1017 2211 1037 2256 a
1053 2189 1161 2270 primo
1185 2189 1248 2270 dic,
1271 2189 1413 2258 iunctim

410 2289 473 2357 hoc
488 2310 579 2370 casu,
603 2288 638 2356 in
652 2288 825 2371 publicum
840 2309 1054 2370 nequaquam
1080 2288 1221 2371 prodiit;
1243 2287 1335 2357 unde
1360 2310 1414 2357 su·

412 2388 532 2470 spicari
555 2389 643 2470 coepi
660 2410 695 2456 se
710 2409 788 2457 cum
815 2410 948 2468 arcano,
964 2389 1062 2456 cuius
1077 2389 1200 2456 solutio
1225 2389 1318 2458 nulla
1339 2388 1412 2457 fieri

414 2510 511 2570 posse
527 2487 719 2568 videbatur,
734 2494 769 2556 et
784 2488 875 2556 unde
890 2488 982 2556 nulla
996 2488 1103 2570 gloria
1118 2488 1153 2556 in
1169 2509 1204 2556 se
1220 2488 1411 2557 redundare

414 2595 536 2671 posset,
551 2587 724 2670 ingestum
740 2609 812 2655 esse
828 2588 925 2655 nolle.
948 2587 1088 2656 Summa
1110 2587 1217 2656 totius
1231 2591 1329 2656 castis
1344 2609 1414 2656 ma-

413 2687 514 2756 nibus
540 2685 731 2756 Simmonds
756 2694 808 2755 est
833 2687 1034 2768 concredita,
1059 2687 1199 2769 perinde
1226 2695 1261 2756 et
1285 2688 1356 2767 ipse
1371 2709 1412 2756 ex

415 2795 512 2871 parte
537 2787 684 2856 decuriae
709 2787 867 2856 lictorum
893 2787 1126 2856 testimonium
1157 2787 1339 2869 perhibuit,
1366 2787 1415 2856 in-

414 2908 530 2968 genue
556 2886 670 2956 fassus
686 2908 758 2954 rem
784 2887 921 2954 omnino
944 2908 1115 2968 nusquam
1140 2909 1223 2956 csse.
1256 2887 1298 2956 Se
1325 2887 1416 2956 aedes

411 2987 558 3056 Vantine
574 3008 707 3055 summa
722 3008 801 3055 curn
826 3008 909 3054 cura
933 2987 1159 3068 exploravisse
1183 2987 1306 3069 aiebat,
1328 3008 1415 3069 prae·

411 3087 527 3155 sertim
544 3087 704 3155 conclave
720 3086 779 3155 ubi
795 3087 962 3155 cadavera
984 3093 1119 3168 reperta
1135 3094 1259 3169 essent,
1275 3108 1414 3169 prorsus

410 3186 493 3254 nihil
510 3195 623 3254 tamen
640 3186 804 3269 reperisse
820 3187 910 3268 quod
926 3185 968 3254 ad
985 3207 1147 3255 arcanum
1174 3186 1413 3256 resolvendum

411 3287 525 3355 lumen
542 3286 666 3354 afferre
681 3293 804 3368 posset.
827 3286 945 3354 Fuisse
960 3287 994 3354 in
1010 3309 1050 3354 eo
1065 3286 1192 3369 aliquid
1216 3287 1413 3357 daemoniaci

410 3385 535 3467 aliquid
552 3385 643 3467 quod
658 3407 772 3454 rerum
789 3393 948 3454 naturam
960 3407 1057 3468 paene
1069 3394 1255 3468 superaret
1266 3386 1308 3455 Se
1319 3408 1413 3469 spem

410 3484 557 3554 necdum
572 3485 777 3565 deposuisse,
793 3494 829 3554 et
844 3506 953 3566 usque
975 3485 1009 3552 in
1036 3507 1077 3554 ea
1100 3506 1136 3553 re
1162 3485 1264 3565 eniti;
1286 3494 1412 3568 tamen,

411 3585 438 3652 si
454 3606 616 3653 arcanum
633 3606 786 3666 unquam
802 3585 988 3668 patefieret,
1005 3606 1041 3653 se
1056 3584 1118 3653 sibi
1133 3607 1334 3668 persuasum
1354 3586 1413 3654 ha·

412 3685 491 3752 bere
516 3684 609 3753 haud
636 3684 734 3752 aliter
763 3705 866 3766 quam
890 3705 969 3752 casu
995 3684 1143 3767 quodam
1168 3685 1324 3766 fortuito,
1351 3700 1412 3754 aut

411 3785 623 3853 confessione
639 3783 743 3866 ipsius
759 3785 807 3853 rei
822 3785 856 3853 id
873 3784 1023 3852 solutum
1037 3783 1087 3852 iri.

494 3884 624 3952 Herum
640 3882 849 3965 Goldberger
864 3883 1018 3951 tribulari
1044 3884 1099 3952 vel
1113 3882 1191 3952 inde
1207 3885 1319 3965 palam
1334 3890 1409 3953 erat

411 3981 501 4063 quod
517 3990 684 4065 mystaces
699 4005 778 4051 suas
793 4005 936 4050 nervose
951 3981 1102 4064 rodebat,
1119 4005 1241 4051 verum
1262 4004 1324 4051 nec
1347 3983 1408 4065 ipsi

410 4084 487 4164 plus
502 4104 605 4165 quam
620 4083 767 4151 decuriae
782 4082 977 4162 constabat;
994 4103 1056 4150 nec
1072 4089 1238 4164 praeterea
1253 4084 1308 4151 vel
1324 4083 1411 4152 mica

410 4182 590 4252 evidentiae
616 4182 718 4251 allata
743 4190 794 4250 est
821 4203 890 4264 qua
913 4182 1033 4263 scelus,
1062 4182 1203 4264 eiusque
1233 4188 1351 4252 reatus
1371 4183 1406 4251 in
