3502 5158
791 867 940 925 FULMEN
1325 850 1368 922 ³7

450 1035 663 1108 “Novissime
677 1059 722 1107 ne
737 1035 914 1107 dimidium
930 1034 1067 1120 quidem
1093 1035 1207 1119 satis,''
1233 1057 1370 1119 respon·

369 1137 413 1210 di.
435 1136 544 1208 “Hinc
559 1157 766 1220 permenses
780 1135 953 1207 abluisti.''

450 1236 538 1308 “Pro
552 1243 645 1307 certo
660 1235 744 1307 scivi
757 1257 814 1306 me
829 1235 896 1306 huc
911 1235 1020 1306 serius
1034 1242 1096 1306 aut
1110 1235 1242 1306 tardius
1257 1256 1370 1306 recur-

366 1359 497 1420 surum,
510 1336 572 1406 tibi
586 1336 677 1406 enim
691 1337 835 1406 fortuna
849 1337 957 1420 favet,
968 1357 1135 1419 casusque
1149 1335 1269 1420 optimi
1285 1357 1370 1406 sem·

366 1461 427 1524 per
441 1437 484 1508 ad
499 1444 535 1507 te
549 1435 737 1507 confluunt.
774 1437 900 1520 Atque,
927 1436 1047 1506 Lester
1072 1435 1130 1519 mi,
1155 1457 1225 1507 non
1250 1434 1370 1505 dubito

366 1558 562 1608 asseverare
576 1537 709 1606 nullum
720 1557 858 1619 prorsus
869 1535 1021 1606 omnium
1032 1543 1104 1606 tarn
1115 1536 1277 1619 praeclare
1288 1535 1369 1605 omi·

367 1645 489 1708 natum
497 1657 571 1706 esse
582 1657 686 1720 quarn
698 1643 751 1706 est
758 1637 823 1706 iste
830 1635 1043 1706 novissimus.
1059 1634 1160 1706 Modo
1169 1635 1199 1705 is
1207 1633 1369 1718 perduret

367 1773 408 1784 -
422 1735 565 1807 nimium
580 1741 698 1806 tamen
710 1757 848 1819 sperare
863 1735 956 1806 haud
971 1735 1100 1806 decet.''

449 1835 595 1906 “Nullus
609 1835 728 1906 dubito
743 1842 778 1906 te
793 1835 874 1906 huic
889 1835 1030 1906 eventui
1051 1833 1270 1906 describendo
1285 1835 1369 1904 fuis

367 1959 403 2008 se
417 1936 621 2007 intentum?

449 2035 605 2107 “Otiatus
619 2035 757 2106 minime
768 2058 855 2119 sum,
868 2042 904 2107 et
916 2058 1010 2106 nunc
1019 2035 1088 2106 iam
1099 2034 1222 2120 incipio
1231 2055 1368 2105 mecum

365 2143 546 2208 contentus
561 2157 644 2206 esse.
666 2133 818 2206 Medicus
833 2136 1010 2206 mortuarii
1024 2135 1084 2206 vix
1099 2142 1180 2206 ante
1194 2134 1368 2206 dimidiam

365 2237 484 2307 horam
498 2257 642 2306 examen
656 2235 826 2306 medicum
840 2235 1015 2307 absolvit.''

450 2334 564 2419 “Ergo
577 2335 614 2406 ?’'
627 2335 774 2406 verbum
787 2343 917 2420 repeto.

450 2434 672 2506 “Stomachus
687 2435 845 2506 omnibus
869 2435 1024 2506 numeris
1046 2437 1224 2520 perlectus
1238 2440 1275 2504 et
1289 2434 1369 2505 illae·

366 2557 424 2607 sus
438 2541 596 2619 repertus
611 2541 672 2604 est
695 2535 839 2606 Prorsus
852 2536 986 2606 nullum
1000 2534 1185 2620 vestigium
1199 2535 1302 2605 ullius
1311 2555 1369 2604 ve·

366 2635 445 2706 neni
459 2633 637 2720 prodidit”

448 2735 540 2805 Tum
554 2733 775 2818 pandiculans
789 2735 825 2804 in
840 2735 922 2805 sella
946 2734 1133 2818 reclinavit,
1154 2735 1292 2804 fumum
1307 2756 1369 2818 gy-

367 2841 501 2906 rantem
515 2855 638 2905 versus
652 2833 794 2904 lacunar
807 2834 946 2918 efflavit,
961 2835 1144 2917 animoque
1153 2855 1276 2917 vagus,
1291 2834 1370 2904 sub·

366 2934 480 3005 ridens
494 2933 600 3004 oculis
612 2934 752 3004 fumum
766 2939 1009 3018 exsurgentem
1024 2933 1242 3017 sequebatur.

449 3032 604 3104 “Bellum
618 3055 680 3118 pro
695 3034 803 3104 amico
817 3041 936 3104 nostro
962 3032 1172 3117 Goldberger
1194 3037 1369 3117 spectacu-

366 3134 468 3218 lum,''
482 3133 595 3217 inquit
609 3140 687 3217 post
700 3133 914 3218 aliquantum
929 3155 1043 3204 morae.

450 3232 642 3318 “Quidnam
656 3233 705 3304 rei
720 3241 773 3304 est
788 3256 867 3305 cum
891 3233 1127 3317 Goldberger?
1159 3233 1282 3304 Nonne
1302 3233 1366 3304 hoc

367 3333 620 3418 postmeridiem
634 3354 728 3417 aegre
742 3355 778 3404 se
793 3355 877 3418 erga
890 3342 927 3405 te
940 3333 1048 3418 gessit
1059 3333 1095 3405 ‘3⁹’

455 3431 602 3504 “Mirum
615 3454 684 3502 non
699 3433 960 3517 est.1pseh0m0
975 3432 1090 3516 Grady
1100 3439 1162 3516 est,
1183 3454 1245 3503 nos
1253 3440 1370 3503 autem

366 3533 482 3616 Grady
505 3532 629 3602 irriensi
653 3554 782 3603 sumus.
804 3533 920 3618 Grady
934 3532 977 3603 ad
991 3532 1177 3616 regendam
1193 3531 1366 3603 decuriam

366 3641 530 3717 agentum
545 3653 614 3702 non
628 3632 722 3704 valet
736 3669 776 3678 -—
791 3656 932 3704 munere
947 3632 1044 3704 velut
1058 3653 1163 3716 nepos
1177 3632 1368 3715 Tarnmany

367 3733 496 3818 potitus
510 3739 563 3802 est
589 3767 630 3778 -
652 3732 725 3816 ipse
752 3734 879 3805 bardus
904 3741 966 3817 est,
992 3740 1027 3804 et
1042 3740 1084 3803 ut
1098 3733 1260 3818 suspicor,
1274 3733 1367 3803 haud

368 3833 529 3904 sincerus.
551 3835 685 3903 Record
700 3833 806 3904 edixit
818 3857 899 3905 eum
913 3835 1082 3904 facessere
1097 3833 1284 3917 oportere.''

452 3931 565 4016 “Ergo
579 3932 709 4016 absque
724 3933 838 4018 dubio,
853 3942 890 4005 et
905 3936 1095 4018 facesset,”
1120 3933 1368 4017 interpretatus

367 4055 445 4104 sum
458 4053 533 4116 ego.

451 4131 564 4204 “Nihil
579 4133 736 4218 certius,”
750 4134 873 4220 probat
887 4134 1038 4219 Godirey
1048 4155 1188 4219 prorsus
1198 4132 1295 4217 serio,
1311 4131 1368 4204 “et
