3502 5158
412 879 454 948 72
675 893 883 949 urscmnru
903 892 1011 946 Auen
1032 885 1150 946 nouus

410 1070 487 1134 tum
502 1085 567 1147 ego
582 1063 696 1146 sciam,
711 1084 812 1132 nemo
827 1062 1008 1146 quisquam
1021 1062 1112 1131 inter
1126 1059 1286 1129 mortales
1299 1057 1347 1126 illi
1359 1056 1411 1125 in-

411 1163 533 1234 fensus
546 1163 647 1232 fuit’'

497 1261 567 1333 “Ut
580 1263 691 1346 credo,
707 1262 780 1345 ipse
795 1283 937 1332 uxorem
951 1282 1130 1344 nunquam
1145 1258 1243 1330 duxit
1251 1258 1288 1329 i3'

496 1361 737 1446 “Nunquam”

496 1460 693 1546 “Quantum
722 1461 784 1532 tibi
813 1461 1000 1545 cognitum,
1022 1460 1136 1530 fuitne
1161 1479 1314 1543 unquam
1334 1478 1414 1527 cum

413 1561 554 1632 muliere
569 1561 762 1645 implicatus
772 1562 810 1632 ?”

498 1660 739 1745 “Nunquam’'
754 1662 909 1745 repetivi.
926 1661 1096 1732 “Mirabar
1108 1659 1292 1730 admodum
1307 1678 1414 1741 quum

415 1761 571 1832 fabulam
585 1761 717 1844 Rogers
731 1761 880 1832 audivi.”

498 1860 573 1931 “Tu
588 1883 681 1944 ergo,
697 1883 776 1945 quae
789 1862 846 1932 illa
861 1862 985 1932 mulier
998 1861 1160 1932 fueritne
1171 1857 1334 1943 suspicari
1345 1856 1416 1941 qui-

416 1962 494 2032 dem
508 1967 607 2044 potes
613 1961 650 2030 i''

499 2059 661 2130 “Utinam
676 2082 819 2144 possem,
835 2062 1008 2144 peropto,”
1023 2059 1181 2145 respondi
1195 2081 1214 2130 e
1229 2058 1339 2130 corde.

500 2159 640 2230 “Habeo
654 2161 717 2230 tibi
731 2161 888 2244 gratiam,
904 2161 995 2231 Here
1014 2161 1164 2243 Lester,”
1180 2159 1305 2243 quibus
1318 2157 1417 2228 dictis

417 2259 531 2343 Grady
546 2283 582 2331 se
596 2261 640 2330 ad
655 2259 846 2332 Simmonds
859 2262 1038 2331 convertit.
1062 2259 1281 2344 “Eundem’'
1294 2257 1416 2341 inquit,

416 2359 520 2430 “nihil
550 2360 695 2444 amplius
720 2361 774 2430 hic
798 2361 947 2444 percipio
971 2361 1062 2444 quod
1089 2382 1190 2444 agere
1219 2357 1416 2442 possimus''

417 2461 508 2530 Tum
522 2460 718 2530 subiunxit:
740 2459 878 2531 “Unum
892 2467 1008 2531 tamen
1023 2467 1084 2542 est,
1104 2461 1152 2529 mi
1173 2460 1264 2529 Here
1288 2459 1416 2539 Lester,

419 2559 509 2644 quod
524 2566 560 2630 te
575 2567 735 2643 rogatum
750 2582 824 2630 esse
839 2561 971 2631 vellem.
1003 2561 1095 2630 Velis
1120 2581 1243 2643 nempe
1270 2559 1418 2629 famulos

418 2665 560 2730 cunctos
574 2658 628 2729 hic
644 2681 781 2729 servare
794 2682 905 2743 usque
921 2667 997 2743 post
1011 2659 1143 2730 finitam
1155 2659 1416 2742 inquisitionem.

419 2757 454 2830 si
468 2765 608 2842 putares
621 2759 747 2842 aliquid
762 2759 879 2829 obesse
895 2781 964 2844 quo
978 2759 1013 2829 id
1027 2759 1140 2829 minus
1154 2760 1268 2828 facere
1293 2779 1417 2842 posses,

418 2858 473 2929 ius
486 2859 607 2941 utique
622 2858 722 2929 nobis
735 2865 787 2928 est
802 2881 860 2929 eos
875 2859 1027 2929 detinere
1041 2859 1103 2903 -''

501 2957 562 3027 “Id
576 2957 715 3027 minime
730 2959 888 3041 expedire
902 2960 1018 3042 put0‚”
1034 2960 1147 3028 refero
1162 2980 1236 3041 ego.
1269 2955 1418 3027 “Eorum

418 3056 461 3126 ad
486 3056 738 3140 inquisitionem
761 3057 988 3128 sistendorum
1014 3058 1085 3142 ipse
1110 3080 1166 3127 me
1188 3057 1312 3127 vadem
1333 3077 1419 3140 prae

419 3156 549 3228 stabo.”

502 3254 779 3339 “Inquisitionem
794 3257 964 3340 oportebit
978 3279 1034 3326 me
1055 3278 1165 3327 unum
1190 3256 1281 3326 diem
1305 3277 1420 3339 proto

419 3355 534 3438 gare,''
565 3355 614 3424 ait
629 3355 847 3439 Goldberger.
885 3355 1107 3427 “Consultum
1122 3356 1249 3426 etenim
1275 3355 1358 3426 duxi
1378 3363 1419 3426 ut

418 3455 545 3524 Doctor
559 3454 840 3537 Freylinghuisen
862 3477 937 3526 cras
952 3456 1025 3526 eius
1040 3457 1089 3526 rei
1113 3456 1346 3539 experimenta
1370 3457 1420 3526 in-

418 3553 588 3624 stitueret.
611 3554 782 3623 Praeterea
804 3561 839 3623 et
859 3555 1107 3625 ostendendum
1131 3556 1229 3625 nobis
1254 3555 1319 3625 erit
1344 3555 1420 3639 quis

419 3652 588 3723 d’Aurelle
603 3653 720 3735 fuerit,
735 3652 787 3722 his
801 3660 918 3724 autem
932 3655 1015 3724 viris
1030 3676 1157 3724 munus
1185 3656 1419 3737 praestitutum

419 3771 492 3822 esse
507 3751 645 3821 videtur
658 3752 836 3822 mulierem
850 3753 942 3823 illam
957 3753 1145 3837 reperiendi
1160 3755 1222 3799 -·”

501 3850 618 3934 Grady
632 3852 746 3922 oculos
760 3873 840 3922 suos
863 3853 899 3923 in
922 3853 1132 3936 Goldberger
1155 3853 1299 3924 coniecit
1322 3855 1420 3924 velut

420 3949 480 4034 qui
505 3949 568 4019 sibi
593 3949 737 4020 nimium
764 3951 894 4034 garrire
919 3952 1110 4036 videbatur,
1146 3973 1214 4035 quo
1242 3961 1421 4037 perspecto

421 4049 629 4120 mortuarius
643 4051 800 4132 protinus
812 4052 984 4122 conticuit.
1016 4052 1099 4122 Post
1113 4052 1186 4122 haec
1201 4053 1256 4123 isti
1271 4063 1422 4136 quatuor

422 4170 544 4236 parum
558 4149 593 4218 in
607 4149 708 4220 domo
722 4151 854 4234 morati,
870 4152 960 4222 illinc
974 4151 1210 4222 discesserunt.
