3554 5156
387 849 428 918 82
652 866 862 920 nxsrrnruu
883 867 991 920 iurem
1013 859 1132 920 noum

387 1033 558 1102 Caeterum
574 1035 691 1103 munia
705 1056 768 1103 sua
783 1035 888 1116 probe
904 1034 1075 1118 persolvit,
1090 1034 1153 1103 nisi
1169 1033 1322 1114 subinde,
1343 1038 1384 1101 ut

387 1135 497 1216 modo,
513 1135 553 1203 fit
566 1142 607 1203 ut
622 1135 876 1204 intermoriatur
891 1136 1003 1204 nescio
1019 1157 1087 1217 quo
1102 1135 1265 1217 impetu.''

471 1250 629 1334 “Parks,”
644 1252 713 1321 dixi
728 1253 851 1333 subit0,
868 1251 1014 1335 “aliquid
1025 1275 1067 1320 ex
1083 1258 1116 1319 te
1133 1273 1295 1334 quaeram.
1318 1249 1384 1318 He-

388 1355 465 1421 rum
479 1351 626 1422 Vantine
641 1354 787 1421 amicum
804 1376 920 1421 meum
934 1353 1050 1434 fuisse,
1067 1373 1190 1434 meque
1200 1373 1282 1420 eum
1294 1371 1381 1418 sern-

385 1474 446 1534 per
472 1453 595 1520 summi
625 1454 756 1534 iecisse,
786 1455 884 1522 nosti.
902 1454 969 1521 Fac
985 1453 1139 1533 edissere,
1156 1451 1238 1535 quid
1254 1451 1296 1519 de
1311 1451 1376 1518 ista

388 1574 491 1634 quam
507 1553 636 1634 Rogers
651 1553 692 1620 de
707 1554 848 1622 muliere
864 1555 1017 1622 narravit
1031 1553 1159 1634 fabula,
1175 1550 1257 1634 quid
1283 1571 1383 1632 porro

388 1651 430 1720 de
446 1675 514 1720 una
530 1654 704 1735 alteraque
720 1655 883 1722 eiusmodi
900 1677 945 1734 re,
961 1655 1020 1722 ubi
1044 1654 1085 1722 de
1109 1652 1251 1721 muliere
1274 1671 1384 1718 sermo

388 1760 449 1834 est,
465 1752 547 1834 quid
561 1753 604 1821 de
618 1753 671 1822 his
681 1755 811 1822 cunctis
825 1755 886 1823 tibi
909 1755 1095 1823 videatur?
1111 1754 1204 1821 Num
1225 1758 1297 1820 tota
1321 1750 1384 1818 ista

388 1874 442 1920 res
457 1853 570 1935 aliquo
584 1875 667 1922 vero
681 1854 907 1923 fundamento
923 1854 1045 1922 nititur
1054 1853 1090 1922 ?’'

471 1968 617 2039 “Prosus
632 1972 714 2053 null,
729 1973 776 2040 mi
789 1973 910 2054 Here,”
927 1973 975 2040 ait
990 1971 1098 2039 Parks
1112 1970 1273 2052 graviter.
1297 1967 1384 2034 “Pro

388 2069 470 2137 hero
486 2069 633 2139 Vantine
649 2079 724 2140 octo
740 2079 775 2141 et
791 2073 881 2141 ultra
896 2095 1003 2140 annos
1014 2071 1179 2140 caculam¹
1192 2069 1258 2150 egi,
1274 2075 1309 2136 et
1325 2089 1385 2150 per

387 2190 487 2237 omne
502 2170 536 2238 id
553 2179 690 2254 tempus
704 2172 793 2240 inter
806 2173 901 2241 illum
917 2172 1199 2252 mulierculasque
1225 2168 1311 2237 ullas
1336 2167 1385 2235 ni·

389 2269 434 2337 hil
450 2292 570 2352 prosus
599 2271 797 2341 intercessit.
821 2273 904 2340 Mihi
932 2271 1181 2355 quodammodo
1210 2267 1382 2350 fingebam

388 2391 468 2438 eum
483 2372 632 2453 aliquam
657 2373 829 2455 quondam
855 2373 972 2441 heram
996 2371 1161 2452 dilexisse,
1188 2371 1245 2438 illa
1268 2377 1384 2436 tamen

388 2476 513 2539 nortua
529 2480 636 2540 est-
652 2495 714 2540 nec
737 2474 803 2541 scio
819 2473 910 2541 unde
935 2472 1017 2542 mihi
1039 2472 1102 2539 hoc
1127 2470 1302 2548 finxerim;
1328 2490 1384 2535 ve-

388 2580 592 2654 rumtamen‚
606 2595 647 2640 ex
659 2595 727 2654 quo
739 2596 803 2655 ego
817 2596 896 2642 eum
914 2593 1085 2651 noveram,
1101 2571 1280 2638 mulierem
1295 2590 1382 2636 nun-

391 2692 494 2752 quam
508 2674 683 2754 conspexit
699 2711 739 2717 —
755 2675 874 2742 saltem
890 2696 958 2741 non
974 2695 1014 2741 eo
1029 2672 1162 2741 m0d0.''

472 2787 645 2858 “Gratiam
660 2791 722 2859 tibi
737 2791 854 2872 habeo,
871 2790 1008 2870 Parks‚’'
1021 2790 1089 2858 dixi
1107 2789 1152 2857 illi
1164 2810 1290 2870 magno
1302 2809 1384 2869 pon·

388 2888 467 2957 dere
483 2891 625 2959 levatus.
636 2889 722 2959 “Tot
738 2899 774 2960 et
789 2899 886 2960 tanta
901 2891 1000 2959 hodie
1014 2889 1170 2970 sustinui,
1183 2890 1240 2956 sed
1253 2889 1316 2957 hoc
1328 2909 1383 2956 me

387 2991 554 3059 sustinere
568 3013 636 3060 non
652 3015 748 3074 posse
764 2993 852 3060 sensi
861 3015 869 3072 ;
885 3015 977 3060 nunc
990 3014 1073 3060 vero
1085 3025 1124 3034 -
1141 2991 1159 3019 '’

470 3106 642 3191 “Ignosce,
659 3109 780 3191 Here,”
796 3112 893 3178 tatur
908 3132 975 3178 vox
998 3131 1020 3178 a
1043 3107 1158 3177 cubito
1178 3128 1269 3186 meo;
1296 3103 1384 3173 “iarn

387 3214 511 3276 cuncta
525 3216 691 3290 apparata
705 3210 901 3278 habemus”

471 3327 554 3394 Fere
569 3327 775 3396 conterritus
789 3349 844 3395 me
860 3327 948 3395 verti
974 3327 1112 3408 vidique
1138 3326 1384 3394 homunculum

387 3427 487 3494 vultu
502 3448 616 3495 rasum
632 3427 698 3495 illic
714 3435 872 3508 stantem,
889 3435 929 3495 ut
944 3449 1067 3495 manus
1091 3427 1237 3495 molliter
1261 3425 1385 3494 coniri·

386 3525 495 3607 cabat,
510 3548 633 3609 meque
649 3527 770 3595 blande
786 3527 977 3610 aspiciebat.

470 3641 660 3726 “Vespillo‚²
675 3645 721 3712 mi
746 3645 867 3726 Here,”
893 3645 1037 3726 explicat
1062 3645 1179 3727 ParkS,
1205 3666 1313 3726 quum
1329 3664 1385 3710 me

387 3750 583 3826 stupentem
608 3745 712 3813 videt.
745 3744 841 3827 “lpse
866 3745 997 3813 interea
1022 3744 1161 3814 advenit
1186 3745 1269 3812 dum
1294 3750 1334 3812 tu
1349 3750 1384 3812 et

488 3999 511 4050 1.
531 3994 650 4056 caenia,
668 4011 712 4058 -ae,
728 4013 772 4058 m.,
783 3996 951 4062 pedisequus,
963 3997 1085 4048 famulus
1096 4012 1112 4048 a
1124 3997 1218 4048 latere

488 4083 511 4133 2.
533 4081 671 4147 Vespillo,
687 4079 756 4144 nis,
773 4098 820 4142 m,
833 4087 876 4133 est
887 4082 994 4133 adiutor
1007 4079 1163 4133 Libitinarii
1177 4079 1206 4132 in
1219 4078 1384 4132 edomandis

387 4181 419 4218 ac
432 4166 594 4232 sepeliendis
607 4165 731 4218 mortuis.
