3536 5156
429 873 494 947 170
682 893 889 951 nrsrmnnr
904 892 1012 951 mens
1028 889 1148 952 roma

428 1081 495 1142 que
510 1057 584 1130 eius
597 1058 829 1135 dissimulatus
842 1061 958 1135 fuerit
991 1063 1078 1135 Dein
1102 1064 1234 1148 operari
1249 1065 1338 1137 circa
1351 1065 1429 1138 cho-

429 1157 562 1243 regium
577 1161 689 1245 coepit,
704 1184 787 1234 ansa
801 1164 836 1234 in
851 1163 963 1235 locum
978 1163 1106 1247 recidit,
1131 1165 1352 1250 foculumque
1366 1167 1428 1238 ite-

428 1281 506 1328 rum
520 1259 645 1331 evulsit
659 1261 751 1345 quod
765 1263 863 1334 evelli
878 1269 1022 1348 poterat,
1033 1265 1218 1349 seduloque
1228 1266 1432 1350 exploravit.

512 1357 714 1432 “Homullus
727 1363 786 1446 qui
802 1363 894 1434 hunc
907 1362 1048 1448 ellirurit,
1063 1365 1187 1434 summi
1201 1365 1254 1436 fui
1269 1365 1427 1451 ingenii‚”

428 1463 525 1532 fatur
538 1461 691 1545 miratus,
706 1469 742 1532 et
756 1463 909 1534 forulum
924 1462 1049 1534 iterum
1069 1463 1104 1534 in
1127 1463 1232 1535 situm
1257 1468 1426 1550 repressit.

427 1560 552 1632 “Miror
565 1561 750 1634 admodum
763 1564 847 1648 quid
860 1563 915 1633 hic
929 1563 1008 1634 inde
1022 1586 1044 1634 a
1057 1564 1267 1649 temporibus
1281 1565 1374 1638 herae
1384 1567 1426 1638 de

427 1663 627 1746 Montespan
642 1661 685 1733 ad
700 1663 788 1734 banc
802 1684 912 1747 usque
927 1671 1065 1734 aetatem
1080 1664 1257 1736 celaverit!
1279 1665 1427 1738 Litteras

426 1763 606 1833 amatorias
620 1763 830 1846 plerumque,
845 1769 886 1834 ut
900 1785 976 1835 mea
990 1763 1060 1834 fert
1074 1763 1195 1848 opinio,
1206 1766 1367 1849 quoniam
1375 1788 1426 1838 eae

426 1871 508 1934 sunt
523 1862 710 1946 praeserum
725 1885 779 1933 res
793 1885 872 1947 quae
886 1863 1032 1934 maxime
1046 1864 1146 1934 celari
1162 1865 1317 1937 debeant.
1332 1867 1426 1937 Non·

426 1985 470 2032 ne
485 1985 567 2034 aves
580 1962 722 2046 utinam,
737 1963 783 2032 mi
799 1961 927 2046 Lester‚
942 1964 1077 2035 forulus
1094 1965 1148 2035 hic
1163 1986 1226 2036 sua
1240 1973 1370 2036 secreta
1384 1967 1425 2037 ti·

426 2062 461 2133 bi
475 2063 616 2147 prodere
631 2069 744 2146 posset
752 2061 789 2132 ?''

510 2162 593 2234 “Est
607 2184 717 2234 unum
731 2163 823 2247 quod
837 2163 929 2234 hunc
949 2163 1102 2235 forulum
1127 2163 1269 2248 prodere
1292 2165 1424 2252 vellem,

426 2264 454 2333 si
469 2263 568 2334 modo
582 2263 726 2348 posset,''
736 2263 902 2348 respondi.
913 2262 1064 2336 “Vellem
1086 2263 1141 2335 hic
1164 2265 1335 2336 fateretur
1348 2266 1425 2350 quis

426 2363 619 2448 Philippum
633 2363 780 2434 Vantine
794 2362 976 2435 occidisset
998 2363 1072 2434 Nisi
1091 2364 1192 2435 fallor
1205 2365 1273 2436 iarn
1288 2387 1424 2437 mecum

425 2486 587 2549 agnosces
600 2463 759 2535 bellulam
774 2463 938 2535 theoriam
952 2471 1102 2535 nostram
1117 2462 1180 2534 hac
1195 2465 1269 2535 vice
1284 2465 1425 2549 pulchre

426 2587 499 2636 esse
514 2565 661 2636 elisamJ'

507 2663 652 2736 “Nonne
665 2663 734 2735 iam
747 2664 797 2735 ita
816 2663 959 2749 paret?”

507 2764 673 2837 “Forulos
686 2763 780 2835 nullo
793 2771 886 2836 certo
900 2764 1162 2838 mechanismate
1172 2766 1294 2836 nititur
1308 2765 1423 2838 —hoc

425 2865 524 2950 plane
538 2865 702 2949 constat,”
717 2863 895 2936 censebam
909 2887 984 2950 ego.

507 2965 629 3037 “Certe
657 2964 751 3036 nullo
779 2986 882 3049 nunc,
911 2966 1005 3037 nullo
1030 2966 1215 3050 unquam”
1237 2967 1423 3038 assentitur

424 3065 585 3150 Godlrey.

505 3166 640 3250 “Atque
655 3166 718 3237 hoc
732 3187 795 3236 nos
808 3164 965 3250 nuspiam
990 3163 1161 3250 relinquit,
1176 3174 1212 3237 et
1226 3187 1319 3236 nunc
1339 3188 1420 3239 nus-

423 3290 527 3353 quam
542 3288 678 3350 sumus;
692 3287 805 3338 nonne
820 3267 909 3338 idern
931 3266 1058 3352 putas?
1085 3268 1159 3340 Hoc
1181 3291 1264 3354 ergo
1288 3270 1422 3340 factum

423 3375 532 3439 totam
546 3384 619 3439 rem
633 3375 730 3438 tanto
745 3366 854 3451 magis
866 3367 902 3438 in
917 3368 1118 3453 ambagibus
1132 3369 1277 3454 reliquit
1293 3369 1422 3452 Capere
1458 3387 1459 3391 ’

423 3491 491 3539 non
506 3467 719 3553 possum,”et
733 3467 786 3538 his
799 3467 913 3538 verbis
926 3468 1029 3540 etiam
1038 3469 1320 3552 magisconfusus
1329 3469 1423 3539 fron·

423 3577 494 3640 tem
522 3567 649 3638 fricans
677 3567 795 3638 resedi.
831 3565 958 3640 Saltem
980 3590 1042 3653 pro
1064 3575 1236 3641 momento
1260 3569 1423 3654 temporis

422 3675 537 3740 mente
551 3667 634 3738 mihi
648 3689 787 3751 prorsus
799 3668 960 3740 coecutire
974 3668 1123 3741 videbar.
1146 3668 1296 3741 “Tamen
1310 3691 1421 3740 unum

422 3777 555 3840 certum
580 3767 663 3852 est,”
686 3766 856 3852 subiunxi,
882 3767 1029 3853 “necem,
1055 3791 1202 3854 quaeque
1224 3768 1298 3840 eius
1318 3789 1421 3840 causa

422 3875 484 3940 aut
497 3869 619 3940 modus
632 3867 749 3951 fuerit,
764 3869 891 3940 factam
905 3869 941 3939 in
956 3869 1116 3953 conclavi,
1136 3889 1205 3940 non
1228 3875 1346 3941 autem
1365 3867 1420 3939 hic

422 3967 561 4040 fuisse.''

505 4067 616 4153 “Quid
630 4076 666 4140 te
680 4069 724 4140 ad
737 4067 787 4139 ita
801 4067 1008 4140 credendum
1023 4069 1191 4153 permovit
1199 4069 1237 4140 ?”

505 4168 598 4241 “Nos
612 4168 843 4242 erdstimamns
858 4169 989 4241 Drouet
1002 4170 1046 4241 ad
1060 4169 1262 4241 inquitatem
1284 4192 1306 4241 a
1330 4169 1420 4243 Van·
