3502 5158
666 887 803 943 MULIER
822 887 862 940 IN
882 887 1000 944 CAUSA
1289 885 1333 956 59

334 1057 396 1129 tim
420 1055 633 1138 observabat,
657 1055 802 1126 subinde
826 1076 864 1126 os
888 1077 1000 1140 suum,
1023 1061 1190 1131 automati
1213 1063 1331 1152 instar,

334 1158 480 1228 tremula
493 1178 598 1227 manu
613 1155 801 1226 tersitabat.

416 1273 539 1343 “Nunc
563 1273 691 1356 itaque,
707 1273 868 1357 Rogers,''
891 1274 1009 1359 incipit
1034 1276 1157 1361 Grady,
1173 1277 1330 1355 “sumere

333 1375 395 1446 tibi
423 1374 531 1445 otium
559 1380 595 1443 te
624 1373 712 1456 volo,
741 1380 778 1443 et
799 1381 924 1444 cuncta
938 1376 1133 1448 minutatim
1148 1379 1332 1456 edisserere

334 1496 413 1559 quae
426 1474 481 1544 hic
496 1474 560 1543 hac
574 1495 717 1556 vespera
733 1481 932 1544 evenerunt.
968 1475 1024 1545 Tu
1046 1477 1137 1547 enim
1158 1484 1331 1555 asseruisti

334 1575 508 1646 mulierem
530 1574 631 1644 istam
654 1595 727 1643 rem
749 1573 946 1657 patravisse.
983 1575 1093 1660 Perge
1117 1579 1233 1665 igitur,
1263 1607 1333 1655 me·

334 1683 449 1748 mento
462 1683 578 1745 tamen
594 1675 676 1744 satis
689 1674 748 1744 otii
764 1674 825 1745 tibi
840 1678 1052 1760 suppetere?

417 1792 569 1875 “ltaque,
594 1791 642 1860 mi
674 1790 794 1874 Here‚”
820 1791 887 1861 fari
911 1794 1025 1876 pergit
1040 1794 1170 1880 Rogers
1184 1801 1331 1886 tractim,

334 1894 441 1964 veluti
455 1892 516 1976 qui
530 1891 636 1963 verba
649 1912 713 1961 sua
726 1899 827 1962 caute
841 1892 1016 1976 ponderat,
1047 1893 1170 1966 “herus
1183 1899 1331 1973 Vantine

334 2001 409 2079 post
424 2014 567 2075 coenam,
581 1991 671 2062 circa
684 1991 803 2061 horam
818 1992 997 2075 septimam
1010 2015 1089 2064 cum
1103 1996 1242 2069 dimidio
1256 2023 1332 2085 pro

334 2095 419 2165 divit
434 2129 475 2138 -
490 2093 636 2162 fortasse
652 2091 756 2162 etiam
779 2091 894 2175 paullo
918 2093 1050 2165 tardius
1071 2131 1113 2141 -
1138 2119 1262 2183 meque
1276 2103 1331 2174 hic

333 2202 369 2264 et
382 2194 418 2263 in
432 2192 585 2263 cubiculo
600 2192 762 2274 contiguo
777 2199 900 2262 crmcta
923 2193 1052 2264 lumina
1066 2198 1248 2270 accendere
1263 2201 1332 2273 ius

334 2294 386 2364 sit.
408 2294 456 2364 Ut
470 2292 566 2364 vides
580 2291 634 2362 hic
650 2291 778 2362 lumina
792 2298 874 2362 sunt
903 2293 1041 2376 spiritus
1064 2297 1267 2370 anthracinil
1295 2311 1332 2374 et

334 2393 504 2474 electrica;
520 2413 584 2474 ego
599 2398 722 2461 cuncta
737 2392 883 2461 accendi.
906 2392 981 2476 Ipse
996 2393 1126 2465 interea
1139 2397 1175 2466 in
1189 2401 1332 2472 musica-

333 2495 445 2577 rium,²
459 2493 503 2562 ad
517 2493 700 2562 adversum
713 2492 863 2561 ambitus
876 2492 1028 2562 intravit.
1044 2495 1126 2565 Post
1140 2497 1268 2570 lumina
1279 2524 1332 2572 ac·

332 2615 432 2664 censa
446 2600 483 2662 et
497 2614 561 2675 ego
576 2593 702 2662 intravi
717 2591 973 2675 significavique
989 2593 1119 2665 lumina
1132 2618 1205 2668 esse
1215 2621 1332 2672 accen·

331 2718 378 2765 sa.
394 2695 484 2764 Eum
499 2691 693 2775 imaginem,
708 2714 812 2775 quam
826 2693 928 2762 modo
952 2701 1093 2778 emerat,
1119 2705 1331 2779 spectantem

332 2794 450 2878 reperi,
465 2793 525 2863 sed
540 2813 581 2861 ea
601 2792 755 2876 protinus
777 2793 888 2866 missa,
915 2793 981 2863 huc
1004 2793 1040 2863 in
1066 2796 1234 2868 ambitum
1256 2823 1331 2884 pro

332 2895 427 2964 divit.

415 3009 433 3038 “
446 3009 545 3080 ‘Nolo
561 3009 702 3091 turbari,
718 3009 867 3092 Rogers:
879 3009 899 3039 '⁹
914 3009 997 3079 mihi
1012 3011 1107 3094 dixit,
1121 3036 1160 3084 ac
1176 3017 1331 3097 protinus

330 3111 397 3181 huc
412 3110 564 3193 intravit,
578 3111 739 3192 foresque
754 3117 832 3192 post
847 3131 883 3180 se
897 3110 1028 3179 clausit.

413 3209 591 3280 “Fortasse
606 3210 726 3278 vicena
741 3208 876 3278 minuta
891 3217 968 3293 post
995 3211 1079 3281 nola
1102 3212 1178 3282 ostii
1202 3217 1331 3286 contin-

431 3446 455 3498 1.
467 3441 617 3506 Anthrax,
635 3441 720 3506 -aca'a,
735 3459 779 3504 m,
793 3443 967 3504 adiectivum,
979 3442 1188 3510 anthracitide,
1204 3461 1241 3512 -α,
1258 3463 1327 3512 am,

329 3528 461 3581 uocabula
482 3527 684 3582 GraecoLatina
696 3543 712 3580 a
724 3527 854 3580 Romanis
878 3527 981 3588 (Varro,
1003 3520 1155 3592 Vitruvius)
1182 3531 1276 3596 paullo
1293 3533 1331 3586 di-

329 3627 407 3664 verso
432 3627 514 3664 sensu
539 3615 669 3676 usurpata
693 3609 794 3663 Graecis
814 3615 907 3662 tamen
927 3608 1064 3662 roboream
1075 3617 1103 3664 et
1115 3611 1328 3668 corbmroceum

329 3695 494 3760 significant.
508 3693 596 3756 Quum
609 3699 700 3746 tamen
714 3689 801 3744 carbo
815 3693 921 3758 lignum
932 3699 1024 3746 ustum
1044 3695 1081 3747 sit
1092 3695 1186 3749 Graeco
1198 3698 1330 3752 vocabulo

330 3778 421 3830 latini
432 3777 555 3829 moderni
569 3777 672 3842 lapides
681 3775 791 3828 fossiles
803 3776 898 3841 nigros
909 3776 1075 3842 significant,
1087 3778 1185 3844 quibus
1197 3781 1227 3832 in
1238 3782 1330 3835 furnis

329 3860 539 3926 fomacibusque
564 3860 675 3913 utendis
697 3860 731 3911 ad
755 3859 974 3912 calefaciendum
998 3861 1110 3914 utimur.
1134 3861 1223 3924 Multi,
1246 3865 1329 3917 etiam

329 3943 483 3996 accuratius
501 3941 732 3994 lithoatkracem
744 3941 858 3994 eandem
872 3957 929 3994 rem
943 3949 1053 3996 vocant.
1086 3943 1127 3996 Ex
1140 3946 1234 3998 eadem
1248 3953 1332 4001 mate-

329 4027 370 4079 ria
382 4031 494 4078 excocta
511 4024 640 4092 spiritus
652 4025 750 4090 prodit,
767 4025 813 4091 qui
826 4041 964 4086 accensus,
977 4025 1070 4078 lumen
1083 4029 1235 4092 profundit.
1250 4031 1329 4084 Hunc

329 4109 455 4175 spiritum
468 4124 597 4161 vocamus
609 4106 831 4169 amaracinum,
851 4107 896 4160 vel
914 4105 1192 4164 lithonthrdcinum.

429 4195 453 4245 2.
471 4191 589 4246 Subaudi
607 4189 783 4244 cubiculum.
