3502 5158
576 907 699 962 cmm
720 906 866 962 oenmn
888 908 1052 963 courum
1270 893 1313 965 49

313 1073 403 1144 travi
417 1074 620 1146 cubiculum.
651 1077 781 1147 Verum
795 1097 860 1160 ego
874 1077 1021 1148 necdum
1037 1077 1119 1148 satis
1133 1077 1177 1148 ad
1192 1097 1247 1146 me
1263 1097 1314 1145 re

314 1175 369 1258 dii,
383 1197 446 1246 nec
460 1177 537 1259 plus
562 1198 667 1260 quam
692 1177 865 1247 considere
889 1177 1045 1248 valebam
1060 1198 1208 1261 eumque
1223 1177 1314 1247 intu-

313 1276 372 1359 eri,
388 1276 471 1347 dum
485 1276 557 1360 ipse
571 1276 717 1360 genibus
730 1277 890 1348 insistens
910 1278 1056 1348 cadaver
1080 1277 1238 1362 inspexit,
1264 1297 1314 1346 se·

314 1399 382 1461 que
406 1377 449 1448 de
472 1385 582 1447 morte
607 1376 753 1448 hominis
777 1377 955 1448 certiorem
978 1379 1093 1449 facere
1115 1377 1312 1448 conabatur.

314 1477 443 1549 Deinde
453 1478 569 1548 audivi
581 1477 732 1562 Godfrey
742 1477 774 1548 ei
788 1485 913 1548 cuncta
928 1501 1006 1562 quae
1021 1479 1148 1550 sciebat
1162 1499 1312 1560 narrare,

313 1578 396 1649 dum
410 1579 553 1662 Hughes
567 1578 824 1650 dubitabundus
836 1580 1061 1650 auscultabat.

395 1694 464 1766 “At
477 1718 560 1767 vero
576 1697 639 1766 hoc
654 1696 842 1767 absurdum
856 1703 919 1779 est,
934 1702 974 1766 ut
989 1695 1070 1767 satis
1085 1695 1180 1779 scis,''
1217 1693 1313 1764 obte-

312 1803 425 1867 statur
434 1797 596 1879 medicus,
611 1802 792 1881 postquam
808 1797 959 1882 Godfrey
973 1797 1147 1867 conticuit.
1182 1794 1271 1864 “Res
1285 1794 1312 1862 i-

311 1896 487 1967 stiusmodi
500 1897 565 1981 hic,
580 1897 656 1968 Neo
671 1897 822 1980 Eboraci,
836 1919 905 1967 non
920 1897 1017 1968 fiunt.
1039 1896 1229 1979 Florentiae,
1244 1894 1314 1965 Me-

313 1997 367 2067 dio
382 1999 483 2080 AEvo,
496 1998 660 2080 fortasse;
683 1997 741 2068 sed
755 2019 824 2067 non
838 1997 903 2082 hic,
919 1999 1043 2070 saeculo
1057 1997 1217 2069 vicesimo
1224 1996 1253 2065 l'’

395 2115 482 2188 “Vix
496 2117 552 2186 vel
567 2138 632 2200 ego
645 2116 731 2186 meis
746 2117 901 2188 sensibus
914 2115 1017 2187 fidem
1031 2115 1171 2198 habeo,”
1197 2134 1310 2184 assen-

311 2221 397 2290 titur
418 2217 579 2300 Godtrey.
601 2215 753 2288 “Verum
775 2217 829 2288 hic
850 2217 920 2288 vidi
941 2215 1040 2286 hodie
1056 2213 1310 2300 postmeridiem

311 2321 480 2390 Francum
493 2317 670 2399 iacentem,
685 2337 776 2386 nunc
790 2337 873 2386 vero
887 2317 941 2387 hic
956 2322 1008 2388 est
1023 2315 1202 2388 Vantine.''

394 2433 542 2506 “Eodem
558 2431 666 2505 loco?''

395 2535 494 2620 “lpso
508 2556 589 2606 sane
605 2533 733 2618 eodem,
749 2541 821 2606 tam
836 2541 996 2605 accurata
1009 2555 1112 2617 quam
1121 2532 1311 2602 discernere

409 2637 428 2666 n

310 2659 408 2722 queo.

394 2735 531 2807 “Caesus
545 2736 664 2806 eodem
678 2736 779 2807 modo
788 2736 824 2806 ?''

395 2835 561 2907 “Prorsus
576 2836 696 2906 eodem
711 2836 812 2907 modo
825 2837 964 2907 caesus.”

393 2939 564 3008 Reversus
579 2937 723 3020 Hughes
737 2937 781 3008 ad
795 2959 929 3020 corpus,
936 2956 1078 3006 manum
1087 2933 1237 3004 sauciam
1247 2932 1308 3002 ite·

310 3061 388 3110 rum
402 3059 529 3121 magna
543 3059 626 3108 cura
640 3038 889 3122 contemplatus
903 3043 965 3107 est.

393 3154 513 3239 “Quod
527 3176 637 3238 genus
647 3155 857 3238 ferramenti,
867 3162 903 3225 te
913 3153 1033 3236 iudice,
1043 3152 1133 3221 Here
1145 3151 1307 3234 Godirey,

309 3257 447 3328 videtur
460 3256 524 3326 hoc
540 3255 668 3325 vulnus
681 3255 840 3326 inflixisse
850 3255 886 3326 ?'’
902 3253 1005 3338 coepit
1028 3251 1178 3322 medicus
1214 3273 1306 3334 quae·

309 3357 436 3428 stiones
449 3355 638 3427 instituere.

392 3472 672 3544 “Ferramentum
701 3481 843 3544 acutum
869 3495 949 3544 cum
978 3471 1109 3543 duobos
1137 3471 1306 3542 dentibus.

309 3575 386 3646 Meo
401 3573 539 3657 quidem
553 3573 676 3644 iudicio
690 3574 851 3644 denticuli
871 3573 1070 3645 tubulorum
1084 3573 1193 3642 instar
1205 3571 1306 3642 vacui

308 3681 399 3758 sunt,
414 3675 512 3744 velut
526 3695 608 3744 acus
622 3674 841 3758 subcutanea,
868 3681 972 3758 atque
994 3674 1030 3744 in
1053 3674 1163 3744 fundo
1186 3673 1305 3743 vulne·

308 3797 386 3846 rum
400 3781 548 3858 guttam,
562 3775 618 3845 vel
633 3775 727 3858 duas,
743 3775 954 3859 reliquerunt
967 3775 1100 3846 veneni.
1137 3775 1186 3845 Ut
1200 3773 1305 3856 vidos,

307 3897 397 3947 vena
410 3881 464 3944 est
478 3873 610 3945 scissa”

391 3989 552 4074 “Video''
567 3991 616 4061 ait
630 3991 783 4075 Hughes.
805 3989 950 4062 “Manus
970 3991 1024 4062 bic
1040 3991 1103 4063 loci
1117 3993 1178 4064 vix
1191 3998 1306 4076 posset

179 4109 183 4116 ·
307 4091 440 4176 perfodi
456 4091 539 4175 quin
554 4091 668 4175 aliqua
682 4113 772 4163 vena
785 4091 1001 4163 incideretur.
1034 4094 1113 4164 Una
1126 4093 1181 4164 vel
1196 4092 1305 4162 altera

308 4192 557 4264 denticulorum
570 4191 605 4262 id
619 4198 713 4264 certe
726 4191 887 4304 faceret?
