3502 5158
429 873 451 940 4
700 885 910 940 moruorum
924 878 1164 938 nncAEnouea

429 1056 494 1124 teri
511 1075 553 1123 ex
568 1053 668 1124 corde
682 1075 805 1124 manus
820 1052 1036 1122 tetendimus.
1059 1053 1108 1122 Ut
1121 1060 1260 1135 aspectu
1276 1053 1349 1122 eius
1364 1074 1429 1134 ego

430 1155 631 1236 delectabar,
647 1155 742 1224 sicet
756 1175 836 1224 eum
851 1176 927 1224 meo
939 1153 1098 1237 gavisum
1113 1175 1187 1222 esse
1210 1153 1366 1222 arbitror.
1387 1154 1430 1223 0-

430 1255 538 1340 ptima
551 1255 734 1326 videbatur
742 1255 794 1324 uti
802 1253 1008 1337 valetudine,
1025 1255 1161 1336 soleque
1176 1253 1430 1324 eratexitinere

430 1363 604 1526 ustu‘s‘lter
617 1456 678 1527 tibi
694 1455 827 1526 salubre
842 1457 949 1526 fuisse
964 1456 1075 1540 palam
1089 1455 1172 1537 est,”
1187 1455 1339 1538 alloquor
1349 1471 1429 1524 eum

430 1579 504 1642 ego·
514 1656 614 1728 “Fuit
628 1657 818 1742 equidem‚''
842 1658 1027 1727 assentitur
1050 1657 1131 1741 ipse,
1147 1654 1346 1740 “nunquam
1362 1679 1430 1727 me·

429 1757 493 1828 lius
516 1758 619 1828 valui.
644 1757 774 1827 Verum
799 1757 930 1840 accede,
957 1756 1207 1827 discumbentes
1221 1757 1429 1827 commodius

429 1879 580 1942 agemus
617 1857 680 1927 Est
702 1879 757 1927 res
778 1858 936 1940 quaedam
961 1857 1074 1940 paullo
1088 1857 1254 1940 nodosior,
1270 1879 1373 1938 quam
1389 1865 1428 1927 tu

429 1980 560 2043 prome
575 1957 721 2027 enodare
737 1957 893 2040 poteris.'’

443 2147 451 2158 ,
513 2077 593 2145 Post
608 2075 682 2144 haec
697 2097 775 2144 eum
790 2075 825 2143 in
840 2074 992 2144 studium
1016 2095 1117 2144 suum
1139 2074 1319 2144 comitatus
1342 2097 1429 2157 sum,

429 2177 499 2259 ubi,
513 2197 618 2259 prope
633 2175 676 2244 ad
691 2175 855 2244 humilem
868 2176 1066 2257 fenestram,
1082 2173 1151 2244 duo
1165 2181 1264 2244 erant
1279 2175 1321 2244 ad
1337 2197 1430 2245 men-

428 2299 501 2347 sam
525 2276 701 2346 aocubitus
724 2277 843 2359 parati.

513 2393 730 2464 “Merendam
745 2393 798 2463 hic
813 2392 998 2476 parandam
1023 2392 1172 2473 curavi,”
1194 2413 1331 2462 causam
1347 2394 1430 2463 dum

429 2493 672 2564 discumbimus
697 2493 844 2563 Vantine
874 2493 1028 2576 explicat,
1055 2491 1167 2575 “quod
1193 2493 1286 2562 istud
1310 2515 1430 2564 revera

430 2595 539 2664 solum
556 2601 608 2664 est
622 2594 685 2663 hac
701 2594 735 2662 in
751 2594 851 2662 domo
865 2614 1040 2662 amoenum
1054 2593 1248 2662 cubiculum
1264 2593 1429 2663 relictum.

429 2693 503 2762 Nisi
528 2693 678 2763 fundum
697 2694 791 2763 illum
815 2693 1017 2776 contiguum
1042 2713 1107 2774 ego
1132 2692 1347 2775 possiderem,
1374 2693 1430 2762 do

428 2815 507 2864 mus
522 2794 594 2864 haec
609 2793 702 2864 nulla
724 2801 823 2864 esset.
856 2793 958 2863 Nunc
980 2792 1200 2875 nubiscalpia¹
1231 2795 1314 2863 satis
1338 2794 1431 2863 disti·

428 2916 510 2964 nere
536 2916 634 2977 queo,
660 2901 702 2964 ut
727 2894 871 2964 subinde
893 2893 1011 2962 iubare
1027 2894 1105 2963 solis
1124 2893 1195 2962 frui
1210 2894 1308 2962 nobis
1322 2887 1446 2964 liceat*

429 2995 518 3079 Quin
533 3003 568 3064 et
592 2996 704 3064 colum
728 3016 866 3064 aereum
890 2994 1012 3063 instrui
1036 2994 1166 3068 curavi.
1194 2994 1431 3077 fenestrasque

428 3096 619 3179 geminatas
633 3095 668 3164 in
684 3094 846 3164 cubiculis
870 3094 912 3162 ad
937 3094 1099 3176 strepitus
1124 3095 1303 3175 arcendos;
1325 3103 1360 3165 et
1385 3097 1430 3166 sic

428 3202 505 3266 tuto
521 3195 630 3265 dicere
646 3217 734 3278 queo
750 3217 804 3264 me
818 3193 873 3263 hic
887 3216 1105 3276 perseverare
1119 3195 1248 3277 posse.”

511 3311 620 3383 “Satis
649 3312 799 3394 intelligo
829 3312 864 3380 in
893 3333 1018 3381 novam
1043 3312 1182 3381 domum
1208 3313 1431 3395 commigrare

428 3433 532 3495 quam
546 3412 744 3494 averseris,’'
761 3411 829 3480 dixi
844 3411 900 3480 illi.

510 3511 657 3582 Vantine
673 3520 775 3595 gestu
788 3511 970 3580 mimorum
985 3512 1179 3594 respondit:

511 3611 633 3682 “Nova
646 3612 728 3681 mihi
744 3611 866 3680 domus
880 3611 1024 3680 ferenda
1038 3633 1106 3681 non
1122 3619 1221 3681 esset.
1244 3612 1331 3682 Huic
1355 3634 1430 3682 sum

427 3719 602 3794 assuetus;
617 3713 677 3782 ubi
691 3711 841 3795 quidque
863 3711 954 3794 quod
976 3712 1011 3780 in
1032 3734 1073 3781 ea
1094 3711 1147 3794 sit,
1169 3720 1290 3782 notum
1304 3713 1431 3804 habe03

428 3834 593 3897 quorsum
608 3833 663 3881 me
677 3813 712 3881 in
728 3833 769 3881 ea
783 3819 927 3894 vertam,
943 3811 1020 3880 scio.
1043 3811 1106 3881 Hic
1128 3833 1182 3881 me
1204 3813 1350 3883 crevisse
1372 3835 1431 3883 no-

530 4017 553 4067 1.
570 4011 794 4074 AEdificiacelsa‚
816 4013 943 4066 vicenum
968 4013 1158 4080 tricenumque
1183 4013 1431 4079 contignationum,

427 4097 462 4152 ab
474 4097 644 4150 Americanis
657 4113 705 4163 per
717 4097 808 4150 iocum
823 4097 1021 4163 “coeliscalpia”
1032 4097 1198 4157 vocitantur,
1210 4097 1296 4158 nobis,
1309 4097 1431 4162 exemplo

428 4179 558 4234 'litdnum
573 4181 668 4242 doctis,
680 4181 797 4233 sufficiat
811 4181 904 4233 eedem
916 4177 1106 4246 nubiscolpio
1119 4179 1263 4246 appellare.
