3502 5158
448 885 490 956 50
740 891 1204 954 ursrnmuunncmnoucr

534 1067 638 1140 “Inde
653 1067 773 1152 colligo
788 1089 894 1151 quare
916 1067 984 1138 duo
1006 1066 1075 1137 sint
1097 1065 1261 1137 denticuli
1282 1063 1448 1147 instituti;

450 1192 513 1240 nec
528 1169 671 1240 metalli
685 1168 800 1253 puto.”

533 1285 601 1357 “At
614 1293 654 1357 tu
669 1293 762 1356 certe
773 1285 855 1356 satis
862 1285 950 1355 nosti
959 1286 1092 1355 nullum
1102 1283 1264 1355 exsistere
1275 1305 1446 1356 venenum

452 1387 545 1471 quod
561 1393 633 1458 tam
647 1387 715 1457 cito
729 1386 873 1457 necet?”
889 1386 1013 1470 quaerit
1027 1385 1179 1469 Hughes

534 1503 687 1588 Godfrey
701 1525 781 1574 eum
796 1503 926 1573 curiose
941 1510 1133 1573 contuetur.

536 1620 624 1694 “Vix
638 1643 748 1706 pauca
762 1628 936 1692 momenta
956 1627 1037 1690 ante
1060 1620 1132 1704 ipse
1155 1626 1195 1690 tu
1221 1619 1450 1691 memoravisti

452 1722 690 1805 Florentiam?
705 1730 822 1791 monet
836 1743 926 1791 eum.
943 1719 1013 1790 “Te
1026 1720 1176 1790 innuisse
1191 1719 1347 1790 existimo
1361 1719 1452 1804 idge-

452 1845 520 1893 nus
532 1844 705 1894 venenum
720 1822 785 1892 illic
800 1821 880 1892 olim
895 1820 1063 1891 exstitisse
1072 1820 1109 1891 ?”

537 1939 694 2024 “Aliquid
710 1938 885 2022 eiusmodi,
899 1938 1077 2021 fortasse,’'
1092 1938 1279 2009 assentitur
1299 1939 1453 2023 Hughes.

454 2038 590 2112 “Verba
602 2062 680 2110 mea
694 2041 804 2110 solum
818 2045 1005 2122 spontanea
1019 2038 1175 2121 fuenmt,
1197 2044 1313 2109 tamen
1328 2039 1454 2122 cogita-

453 2141 570 2256 tiones·
577 2140 766 2271 istiusmodi
781 2146 932 2210 mentem
954 2161 1066 2210 meam
1090 2139 1295 2221 percurrisse
1313 2162 1383 2209 non
1397 2161 1454 2210 ne

454 2262 619 2326 gavenm.

540 2355 625 2427 “Aio
638 2357 746 2440 igitur
759 2378 942 2439 venenum,
958 2356 1049 2439 quod
1060 2355 1240 2427 Florentiae
1250 2356 1402 2440 quinque
1412 2379 1455 2426 ex

455 2458 508 2528 his
523 2458 654 2529 saeculis
669 2457 857 2540 exstiterat,
872 2456 971 2527 hodie
992 2457 1046 2526 hic
1061 2463 1205 2526 exstare.
1230 2457 1283 2526 En
1309 2457 1383 2527 eius
1404 2457 1453 2527 rei

455 2565 699 2643 argumentum
708 2557 738 2640 ;”
759 2564 795 2628 et
810 2557 962 2641 Godrrey
982 2557 1129 2627 cadaver
1151 2578 1257 2626 manu
1281 2557 1453 2628 indicavit.

539 2692 684 2776 Hughes
711 2691 924 2776 profundum
953 2691 1059 2761 traxit
1087 2690 1246 2774 spiritum
1271 2713 1290 2762 e
1316 2698 1455 2776 stupore

455 2795 664 2876 horroreque
677 2791 844 2876 genium.

539 2907 689 2980 “Verum
704 2909 796 2993 quod
811 2914 1000 2978 tartareum
1013 2928 1125 2991 genus
1137 2907 1406 2978 instrumentum
1420 2907 1456 2976 il-

456 3011 516 3082 lud
529 3011 658 3081 vulnus
671 3010 787 3080 intulit
795 3009 832 3080 ?''
848 3029 931 3079 voce
945 3008 1020 3078 fere
1034 3007 1138 3091 petili,
1153 3008 1337 3091 nervisque
1357 3029 1456 3092 pme

456 3110 756 3282 {wemmam
793 3107 1009 3179 “Praesertim
1035 3113 1153 3178 autem
1178 3108 1334 3191 quisnam
1356 3108 1391 3178 id
1421 3107 1458 3178 li·

540 3328 602 3397 His
616 3327 716 3398 dictis
729 3327 1035 3410 circumspectabat
1048 3326 1208 3396 conclave
1223 3347 1263 3396 ac
1289 3325 1317 3396 si
1340 3327 1452 3410 explo-

457 3450 533 3499 rare
548 3450 646 3512 posse
661 3436 815 3510 speraret
828 3448 989 3510 magnam
1004 3448 1043 3496 ac
1058 3433 1235 3509 potentem
1248 3448 1390 3496 manum
1411 3426 1455 3497 ad

457 3529 651 3600 feriendum
666 3528 825 3598 levatam.
847 3526 1002 3596 Tandem
1017 3534 1168 3597 tremens
1182 3547 1218 3596 se
1232 3526 1431 3610 composuit.

542 3661 761 3745 “Ignoscite”
777 3660 923 3743 denique
937 3661 1044 3744 fatur,
1055 3659 1214 3730 sudorem
1229 3681 1248 3730 e
1262 3660 1379 3730 fronte
1388 3681 1458 3730 ma·

458 3769 598 3833 nantem
612 3768 804 3844 extergens,
820 3758 998 3843 “equidem
1011 3760 1115 3830 rebus
1124 3759 1314 3830 istiusmodi
1346 3781 1458 3830 assue-

461 3871 521 3934 tus
534 3883 603 3933 non
619 3883 714 3944 sum;
736 3860 819 3945 quin
835 3866 871 3930 et
885 3867 1003 3930 metuo
1025 3882 1206 3944 -revera,
1228 3881 1284 3930 me
1303 3860 1461 3944 perterri-

459 3972 535 4035 tum
550 3963 688 4044 sentio‚”
703 3962 770 4033 leni
786 3961 866 4046 tlsu,
881 3983 950 4032 non
965 3962 1065 4044 plane
1080 3960 1187 4044 hilari,
1201 3959 1386 4031 subiunxit

542 4079 616 4152 “Ita
630 4086 667 4150 et
681 4079 776 4163 ego,”
792 4078 887 4150 addit
902 4079 1072 4162 Godfrey;
1105 4075 1224 4149 “itaet
1239 4077 1376 4160 Leston
1408 4077 1457 4148 ita

458 4181 602 4266 quisque
616 4180 712 4251 alius.
734 4179 807 4250 Nec
822 4185 857 4249 te
875 4178 1005 4263 pudeat
1018 4179 1184 4263 oportet.'’
