3500 5158
581 905 803 960 mansuras
825 903 1121 960 urcmnrovrrcn
1287 887 1351 960 277

345 1092 413 1144 nus
436 1074 616 1146 venenosis
641 1073 803 1145 dentibus
826 1095 988 1158 percussa
1010 1073 1047 1143 in
1072 1072 1220 1143 tenendo
1235 1073 1349 1143 forulo

346 1173 528 1256 relaxatru,
545 1175 681 1244 forulus
693 1175 730 1244 in
744 1175 856 1244 locum
879 1196 981 1244 suum
1004 1173 1133 1256 recidit,
1152 1194 1292 1256 suaque
1312 1194 1349 1242 se

347 1279 466 1356 sponte
495 1274 633 1358 claudit,
659 1281 701 1344 ut
725 1274 873 1357 cemitis,
903 1274 1083 1357 omniaque
1107 1273 1142 1342 in
1167 1273 1350 1357 pristinum

346 1379 476 1443 statum
491 1375 666 1458 recedunt,
681 1374 745 1445 nisi
760 1374 852 1458 quod
867 1373 988 1458 aliquis
1013 1373 1100 1444 alius
1113 1373 1291 1442 hominum
1306 1375 1351 1443 le·

346 1473 407 1542 tho
422 1471 533 1543 detur.
555 1475 657 1544 Nunc
682 1496 747 1557 ego
773 1497 854 1545 eum
879 1475 1039 1558 aperiam.
1072 1473 1201 1542 Dentes
1223 1473 1350 1543 iterum

346 1572 491 1656 ferient;
514 1574 574 1644 sed
588 1574 678 1644 ictus
691 1575 847 1644 manutio
872 1573 1008 1656 incidet,
1032 1573 1182 1656 alioquin
1208 1595 1350 1644 manum

346 1671 589 1758 scaripharent,
605 1674 665 1744 sed
695 1696 787 1744 mors
816 1696 885 1744 non
912 1680 1085 1758 sequetur.
1120 1672 1155 1743 Si
1184 1673 1351 1744 nodulum

347 1772 439 1843 hunc
452 1781 596 1858 vertam,
621 1775 820 1858 choragium
841 1775 963 1857 fraeno,
988 1781 1025 1844 et
1048 1773 1184 1843 torulus
1209 1780 1351 1857 apertus

346 1873 506 1943 manebit.
528 1874 659 1945 Auctor
674 1875 778 1944 huius
791 1874 1066 1944 mechanismatis
1080 1879 1218 1943 tantum
1231 1872 1296 1943 sibi
1305 1873 1350 1944 ob

345 1971 446 2042 istam
472 1995 545 2044 rem
570 1974 693 2044 tribuit
714 1982 756 2045 ut
779 1974 815 2045 id
841 1975 876 2044 in
902 1981 1032 2044 secreto
1045 1973 1289 2043 commentario
1304 1973 1348 2044 ad

346 2071 582 2145 oblectandum
599 2074 812 2144 Ludovicum
827 2075 992 2157 Magnum
1012 2073 1134 2143 litteris
1156 2072 1348 2144 mandaris

346 2179 408 2242 set
439 2173 697 2258 Transcriptum
723 2175 796 2245 eius
821 2173 1055 2244 commentarii
1077 2174 1113 2242 in
1140 2172 1348 2244 Bibliotheca

346 2271 519 2344 Nationali
533 2275 744 2356 custoditur;
758 2274 1000 2358 primigenium
1010 2273 1162 2344 eiusdem
1177 2271 1348 2344 Crochard

346 2373 488 2444 obtinet
511 2373 587 2459 Ipse
613 2383 665 2445 est
691 2376 751 2459 qui
777 2376 873 2445 illum
898 2372 1180 2444 commentarium
1203 2373 1292 2444 inter
1313 2382 1350 2446 et

346 2472 434 2543 hanc
448 2496 561 2544 arcam
576 2496 705 2546 nexum
714 2475 874 2558 instituit,
885 2475 1113 2544 mechanisma
1124 2495 1241 2544 enovo
1255 2495 1349 2558 repe-

347 2573 401 2655 rit,
416 2573 616 2658 choragium
630 2575 820 2658 renovavit,
831 2582 936 2658 atque
965 2594 1139 2645 venenum
1165 2573 1278 2645 denuo
1299 2575 1348 2644 in-

345 2673 450 2744 venit
480 2674 626 2745 Nullum
650 2682 702 2746 est
726 2675 870 2745 dubium
896 2675 979 2758 quin
994 2675 1082 2744 ictus
1103 2675 1281 2744 venenatis
1296 2675 1348 2757 iis,

346 2772 515 2857 dentibus,
525 2796 594 2858 quo
602 2776 791 2858 proditores
800 2775 921 2858 punire
936 2779 1171 2856 consueverat,
1181 2775 1348 2858 originem

346 2872 425 2944 inde
449 2876 494 2945 ab
518 2897 559 2946 eo
584 2875 827 2946 commentario
842 2875 976 2945 ducat.”

427 3007 595 3079 “Croshar
608 3009 671 3080 iste
688 3044 728 3056 -
741 2997 979 3093 vel'quidquid
1007 3031 1132 3079 nomen
1156 3010 1231 3081 eius
1242 3009 1286 3079 sit
1302 3045 1341 3055 -

346 3109 453 3179 lurco¹
468 3109 607 3180 videtur
622 3133 695 3180 esse
710 3111 895 3181 admodum
910 3110 1122 3192 singularis!
1146 3117 1245 3180 notat
1267 3109 1349 3180 Gra·

348 3208 403 3293 dy,
418 3211 621 3281 convolvulo
637 3232 699 3281 suo
714 3211 840 3281 iterum
855 3231 1006 3281 accenso.

430 3343 513 3414 “Est
537 3346 722 3428 profecto,''
749 3345 936 3416 assentitur
960 3343 1065 3414 herus
1094 3345 1196 3428 Pigot
1224 3345 1350 3428 quiete,

347 3441 553 3514 “admodum
568 3445 759 3528 singularis.
781 3443 847 3516 Sed
871 3467 914 3514 ne
938 3444 1009 3528 ipse
1035 3444 1174 3527 quidem
1200 3451 1253 3514 est
1277 3444 1350 3514 falli

346 3544 495 3626 nescius;
518 3545 677 3629 equidem
691 3567 800 3629 quum
815 3545 1080 3614 commentarius
1095 3545 1241 3613 alterum
1255 3544 1351 3614 foru-

346 3645 418 3714 lum
433 3645 604 3715 occultum
618 3668 687 3716 non
702 3651 974 3716 memorasset-
986 3644 1082 3714 illum
1095 3645 1221 3714 scilicet
1234 3645 1350 3728 inquo

347 3745 505 3814 Matrona
519 3745 680 3829 Princeps
694 3767 774 3816 suas
787 3746 918 3816 litteras
939 3745 1140 3814 occultasset
1162 3744 1288 3816 amicas
1308 3779 1351 3792 -

347 3866 458 3914 eures
473 3845 643 3915 Crochard
658 3845 728 3915 fuit
741 3845 871 3929 ignota.
892 3845 1007 3927 Atque
1032 3843 1096 3913 ista
1122 3844 1254 3915 inscitia
1268 3865 1351 3915 eum

346 3943 382 4014 in
397 3944 529 4015 caeteris
539 3945 610 4014 suis
624 3945 828 4015 molimentis
842 3944 1036 4014 frustravit.
1048 3944 1081 4013 N
1083 3964 1151 4015 unc
1165 3965 1257 4028 vero,
1269 3945 1351 4014 ami·

448 4195 472 4248 1.
489 4193 596 4260 latr-oo,
612 4195 685 4250 -ot'or
698 4196 780 4251 horno
793 4196 913 4263 gulosus,
926 4194 1003 4260 edax,
1014 4195 1118 4249 nullius
1132 4195 1222 4262 pretii.
