3536 5156
613 918 1088 974 dooernncnsuennnnun
1283 901 1346 970 201

346 1087 443 1172 equis
466 1087 510 1156 ab
531 1087 653 1170 auriga
675 1087 851 1157 concitatis
873 1087 1058 1170 petoritum
1081 1085 1148 1156 leni
1173 1091 1269 1156 motu
1284 1107 1346 1168 per

346 1189 411 1258 iter
427 1187 614 1257 secundum
630 1187 782 1256 Plateam
796 1187 887 1258 volvi
902 1187 1016 1272 coepit.

429 1286 543 1356 Herus
556 1287 710 1356 Armand
724 1287 896 1370 paulisper
907 1287 1011 1358 oeulis
1022 1294 1170 1369 secutus,
1181 1287 1348 1371 pilentum

345 1387 558 1457 meritorium
582 1387 627 1456 ibi
651 1409 731 1457 eum
754 1387 931 1470 opperiens
946 1387 1150 1469 conscendit,
1174 1407 1349 1469 manuque

346 1487 507 1557 ultimum
522 1488 598 1556 vale
613 1486 727 1569 edens,
744 1488 930 1570 petoritum
945 1487 1149 1557 subsecutus
1163 1493 1225 1557 est
1241 1487 1313 1556 Nos
1330 1509 1348 1555 e

346 1588 485 1670 fastigio
499 1587 671 1670 graduum
686 1586 896 1657 discedentes
906 1587 1134 1669 intuebamur,
1146 1607 1255 1670 usque
1266 1587 1349 1656 dum

346 1689 389 1757 ad
404 1687 553 1771 primum
568 1687 635 1757 viae
649 1695 855 1758 transversae
880 1689 1047 1772 angulum
1073 1687 1139 1757 iter
1164 1709 1266 1757 suum
1293 1686 1350 1756 tle·

348 1795 483 1857 xerunt.

430 1887 564 1957 “Herus
579 1887 730 1970 Godfrey
746 1887 891 1958 extorris
904 1910 997 1958 nunc
1012 1887 1150 1972 negotio
1175 1888 1257 1970 est,”
1281 1887 1349 1957 leni

349 1989 417 2057 risu
440 1995 537 2058 notat
563 1987 680 2058 Parks.
714 1987 857 2058 “Temis
882 1989 1125 2072 quaternisque
1150 1989 1203 2058 his
1228 1987 1349 2057 diebus

347 2095 484 2158 tantum
499 2089 589 2170 quod
605 2111 673 2158 non
689 2111 768 2159 cum
783 2109 862 2158 arca
886 2089 943 2158 illa
965 2089 1144 2158 habitavit
1180 2087 1349 2159 Hesterna

346 2195 445 2258 nocte
460 2187 518 2258 diu
534 2189 589 2258 hic
603 2198 757 2259 moratus
771 2189 854 2258 est.’'

431 2287 542 2369 “Quid
567 2288 641 2359 ais?
670 2289 810 2372 Vesperi
836 2289 1037 2360 hestemo?’'
1059 2295 1201 2373 stupens
1221 2309 1348 2372 quaero.

348 2387 442 2472 “Ego
465 2410 547 2458 vero
569 2388 757 2459 certissime
781 2389 945 2472 putabam
968 2410 1048 2459 eum
1072 2389 1171 2460 hodie
1185 2389 1240 2460 hic
1254 2390 1350 2459 futu·

347 2489 455 2571 rum,”
471 2489 723 2572 cogitabundus
737 2489 908 2572 subiunxi,
923 2489 1015 2572 quod
1041 2490 1193 2573 Godfrey
1214 2496 1350 2573 poterat

347 2611 462 2658 secum
486 2596 637 2659 statuere
662 2589 823 2661 ultimum
847 2589 974 2660 intueri
999 2611 1124 2660 arcam.
1161 2589 1351 2671 “Quodam-

349 2688 451 2758 modo
466 2689 635 2772 pollicitus
649 2696 702 2759 est
717 2711 753 2758 se
767 2689 836 2759 huc
849 2696 1046 2772 venturum,
1068 2691 1128 2760 sed
1153 2697 1188 2760 et
1213 2691 1350 2760 evenire

350 2795 485 2872 poterat
500 2795 541 2858 ut
555 2789 704 2872 graviori
720 2789 868 2872 quodam
883 2789 1022 2873 negotio
1047 2789 1208 2860 detentus
1230 2791 1351 2860 essetf’

435 2890 609 2959 Momento
622 2896 709 2972 post,
724 2889 898 2959 celeritate
913 2911 982 2973 qua
997 2890 1102 2973 pedes
1116 2911 1171 2959 me
1186 2891 1279 2960 terre
1292 2911 1351 2973 po·

350 2997 474 3073 terant,
490 2990 649 3059 deorsum
662 2989 791 3073 gradus
805 2989 869 3072 rui,
886 2989 977 3072 quod
998 2990 1165 3074 pilentum
1187 2989 1352 3060 meritori-

351 3113 410 3160 um
427 3091 585 3159 deorsum
598 3090 750 3159 Plateam
766 3089 980 3172 praetervehi,
995 3098 1031 3159 et
1055 3091 1089 3159 in
1104 3112 1146 3159 eo
1161 3090 1247 3161 duos
1261 3091 1353 3159 viros

353 3190 508 3259 sedentes
522 3189 691 3272 conspexi,
707 3211 833 3272 eosque
847 3189 965 3259 itidem
980 3190 1047 3259 iter
1061 3190 1157 3272 sequi
1181 3189 1272 3272 quod
1297 3211 1354 3274 pe·

352 3290 504 3370 toritum,
520 3289 604 3358 etin
619 3289 772 3372 proximo
787 3289 915 3372 angulo
928 3289 1064 3359 inflecti.

434 3389 562 3459 Eodem
578 3397 696 3458 autem
712 3397 885 3458 momento
906 3410 975 3473 quo
997 3389 1163 3473 pilentum
1187 3390 1223 3459 in
1246 3410 1353 3459 comu

350 3488 585 3570 evanescebat,
599 3496 778 3558 vectorum
803 3491 889 3558 alter
914 3511 950 3558 se
973 3490 1016 3559 ad
1031 3511 1086 3560 me
1101 3490 1270 3559 convertit
1284 3510 1354 3558 ma-

350 3611 468 3672 nuque
484 3590 621 3672 signum
635 3589 739 3659 dabat
754 3625 795 3634 -
810 3610 958 3672 eumque
974 3589 1178 3660 Iacobellum
1203 3589 1353 3672 Godfrey

351 3711 487 3772 agnovi.
