3500 5158
557 899 751 954 cnocunnn
771 899 849 953 uus
867 898 1095 953 mvmcrnurs
1266 880 1328 952 2³7

328 1067 521 1137 commonui
536 1089 646 1137 unum
661 1073 797 1136 tanturn
812 1066 847 1137 id
860 1066 993 1150 agendo
1004 1066 1219 1149 effecturum,
1234 1088 1327 1135 nem-

329 1188 371 1249 pe
387 1174 428 1237 ut
442 1167 631 1250 fugitivum
660 1167 798 1237 omnino
818 1166 1033 1249 absterreret,
1048 1167 1179 1237 etiamsi
1190 1165 1326 1236 consilia

326 1270 405 1337 arco
419 1267 573 1350 potiundi
589 1289 698 1350 usque
713 1289 781 1335 non
797 1266 1015 1350 deposuisset,
1040 1267 1082 1336 de
1108 1287 1178 1351 qua
1202 1288 1239 1335 re
1260 1287 1325 1349 ego

326 1366 546 1437 vehementer
560 1365 762 1437 dubitarem.
784 1367 833 1436 At
848 1365 999 1449 Godfrey
1014 1365 1087 1436 risit
1102 1373 1248 1436 tantum.

410 1499 523 1571 “Nihil
538 1521 676 1583 prorsus
690 1499 879 1570 verendum
904 1499 1087 1584 quominus
1101 1499 1130 1570 is
1144 1521 1165 1570 a
1179 1500 1326 1583 proposi-

326 1607 362 1669 to
377 1600 619 1682 deterreatur,”
635 1599 815 1683 respondit.
838 1597 937 1669 “Non
958 1599 1048 1669 enim
1063 1599 1157 1668 lurco
1171 1599 1200 1668 is
1221 1621 1262 1668 ea
1282 1621 1325 1668 ex

324 1701 437 1770 farina
455 1707 516 1771 est.
539 1699 573 1770 Si
589 1707 681 1769 recte
696 1719 776 1769 eum
790 1699 912 1782 iudico,
927 1699 977 1769 ita
991 1705 1120 1769 temere
1145 1698 1275 1769 audens
1295 1699 1325 1768 is

325 1808 386 1883 est,
402 1808 443 1870 ut
457 1800 692 1870 molimentum
706 1798 933 1882 insuperabile
948 1821 1028 1869 eum
1049 1799 1158 1882 magis
1180 1799 1324 1868 allectet.

326 1901 401 1985 Quo
416 1907 566 1984 coeptum
581 1901 690 1982 magis
705 1899 852 1970 arduum
865 1898 918 1982 sit,
940 1921 980 1968 eo
1006 1900 1082 1983 plus
1107 1920 1188 1969 eum
1212 1899 1325 1969 allicit.

323 2001 557 2171 lFjg‘rnsententiai
572 2001 697 2071 ductus
711 2000 775 2069 hoc
789 2006 941 2083 coeptum
955 2007 1027 2072 tam
1042 1999 1190 2070 arduum
1204 1998 1325 2069 descri-

408 2214 476 2287 “At
490 2238 590 2287 nemo
604 2238 708 2287 sanus
723 2238 798 2286 eam
809 2238 923 2286 arcam
930 2223 1098 2287 temerare
1107 2215 1323 2300 susciperet,”

324 2316 466 2388 obverto
481 2339 555 2400 ego.
578 2315 637 2388 “Id
652 2315 743 2386 enim
757 2317 894 2386 omnino
908 2317 981 2386 fieri
996 2317 1146 2399 nequit.”

407 2432 482 2504 “Ita
496 2433 633 2517 quidem
657 2439 765 2518 paret,
788 2455 851 2503 nec
876 2433 1002 2503 infitias
1026 2433 1113 2516 ibo,'’
1139 2434 1324 2503 assentitur

323 2534 404 2616 ipse.
427 2532 561 2603 “Nihilo
576 2540 693 2603 tamen
707 2533 826 2616 secius,
842 2532 964 2616 quovis
987 2555 1087 2602 mane
1102 2532 1324 2603 sollicitudine

322 2633 496 2716 trepidans
525 2633 746 2717 expergiscor,
782 2654 990 2715 accurroque
1026 2632 1069 2702 ad
1104 2632 1324 2716 telepbonum

323 2735 506 2817 quaesitum
521 2741 640 2803 utrum
655 2755 733 2802 arca
747 2732 859 2802 adhuc
873 2733 968 2802 salva
982 2732 1034 2803 sit.
1057 2732 1092 2803 Si
1113 2733 1154 2803 de
1176 2733 1254 2803 ullis
1275 2732 1325 2801 in-

323 2855 425 2917 super
440 2833 604 2916 praesidiis
618 2833 767 2916 cogitare
782 2853 925 2915 possem,
951 2831 1111 2903 adhibere
1134 2854 1202 2902 non
1226 2832 1323 2903 dubi·

323 2934 463 3004 tarem.”

406 3051 468 3121 His
481 3050 607 3120 auditis
622 3037 745 3133 anceps
759 3055 924 3120 contueor
934 3049 1094 3133 Godfrey,
1109 3051 1211 3120 iocari
1232 3050 1323 3120 enirn

323 3173 400 3220 eum
417 3151 547 3234 putavi.
569 3149 713 3221 Consilio
738 3171 815 3220 meo
834 3156 1011 3234 perspecto
1036 3151 1102 3220 leni
1129 3151 1198 3220 risu
1214 3151 1249 3219 in
1265 3172 1320 3220 me

323 3251 479 3334 respexit.

406 3365 603 3450 “Equidem,
618 3367 664 3436 mi
687 3367 836 3449 Lester,”
860 3366 1042 3450 respondit,
1068 3364 1266 3449 “nunquam
1286 3367 1322 3436 in

321 3467 394 3538 vita
408 3489 485 3537 mea
498 3467 607 3550 magis
620 3468 673 3536 fui
688 3468 723 3537 in
740 3465 835 3536 serio.
857 3466 959 3535 Hunc
974 3472 1024 3548 tu,
1040 3472 1081 3536 ut
1096 3488 1170 3548 ego,
1185 3488 1253 3534 non
1273 3467 1323 3536 vi·

322 3567 411 3637 deris
436 3589 479 3636 ex
504 3588 603 3649 aequo
628 3567 806 3658 aestimare.
836 3565 964 3649 Insigni
982 3565 1038 3635 ille
1051 3566 1155 3649 pollet
1169 3565 1322 3648 ingenio;

321 3666 404 3738 nihil
418 3688 498 3736 eum
513 3661 704 3750 exsuperat.
727 3667 847 3750 Coepta
871 3665 960 3735 levia
983 3665 1012 3735 is
1036 3671 1256 3748 aspernatum
1279 3666 1321 3735 si-

322 3767 403 3849 quid
417 3766 480 3849 ipsi
506 3767 581 3837 leve
606 3766 754 3848 videtur,
779 3765 927 3848 indurat,
954 3765 1050 3848 quasi
1074 3765 1118 3835 sit
1140 3765 1319 3836 ludicrum.

321 3865 499 3936 Proditum
513 3867 556 3936 de
571 3887 611 3936 eo
625 3867 738 3948 accepi
763 3887 843 3935 eum
864 3865 993 3948 aliquos
1008 3886 1087 3934 suas
1107 3887 1260 3948 gemmas
1280 3886 1320 3936 ac

320 3966 468 4049 pretiosa
482 3987 551 4035 non
566 3967 648 4036 satis
662 3966 697 4035 in
712 3972 790 4036 tuto
814 3964 940 4035 habere
963 3965 1187 4047 admonuisse,
1209 3986 1319 4047 quum

320 4073 438 4136 autem
452 4065 488 4135 hi
502 4089 580 4136 suos
595 4067 773 4137 thesauros
787 4065 822 4134 in
837 4065 999 4136 tutiorem
1023 4064 1249 4134 condidissent
1274 4065 1320 4134 lo-

320 4187 409 4250 cum,
425 4187 483 4236 eos
497 4166 589 4236 hunc
603 4167 796 4252 eripuisse.”
