3500 5158
635 895 946 951 sncnmuulncn
1224 878 1287 948 271

289 1063 348 1148 qui
356 1064 429 1134 haec
439 1065 551 1134 omnia
566 1087 731 1147 perquam
745 1064 924 1147 impatiens
938 1064 1077 1134 auribus
1091 1063 1288 1147 excipiebat,

289 1165 380 1248 quod
394 1164 478 1235 adeo
493 1165 740 1235 adversabatur
763 1165 913 1247 probatis
935 1165 1087 1234 moribus
1107 1171 1212 1248 atque
1238 1171 1289 1234 at-

289 1265 442 1348 tentioni,
458 1287 527 1348 qua
541 1287 607 1347 ego
623 1265 852 1334 narrationem
868 1265 1106 1348 prosequebar.

372 1365 462 1434 Nam
476 1387 541 1448 ego
554 1365 803 1434 conclusionem
823 1365 892 1434 iam
914 1364 1104 1448 praesagivi‚
1130 1370 1166 1432 et
1189 1385 1289 1458 venae

288 1487 375 1535 meae
389 1465 493 1535 animi
507 1465 731 1535 concitatione
747 1465 939 1548 pulsabant.

373 1563 587 1636 “Secundum
598 1571 749 1635 nostram
765 1565 881 1647 itaque
896 1565 1093 1645 theoriam‚’'
1117 1563 1289 1646 respondit

290 1665 393 1734 herus
408 1665 518 1747 Pigot,
534 1664 617 1747 quin
630 1663 818 1734 orationem
844 1665 900 1732 vel
923 1663 1101 1732 minimum
1127 1662 1289 1732 accelera·

289 1771 353 1847 ret,
379 1763 478 1834 “arca
492 1765 565 1834 haec
579 1763 779 1834 adamantes
794 1763 1156 1833 Michaelovitchcelat.
1167 1763 1289 1832 Omnia

290 1864 353 1934 hoc
368 1865 514 1934 suadent
528 1871 564 1933 et
577 1885 658 1932 mox
678 1863 954 1946 comperiemus.”

373 1963 489 2047 Usque
519 1963 686 2033 disserens
708 1985 727 2032 e
752 1964 885 2033 sacculo
910 1961 1102 2032 manutium
1129 1961 1290 2045 produxit

289 2063 513 2146 chalybeium,
528 2063 573 2133 ad
587 2062 795 2145 stupendum
809 2085 871 2146 par
885 2063 931 2132 illi
953 2063 1043 2145 quod
1067 2062 1219 2144 Godfrey
1232 2084 1290 2146 pa-

289 2170 436 2245 raverat,
452 2163 553 2245 idque
569 2169 672 2232 rectae
686 2162 802 2232 manui
818 2161 961 2232 induxit.

374 2262 506 2347 “Siquis
527 2284 652 2332 arcana
674 2263 763 2331 illius
789 2261 1014 2332 ‘Invincibilis'
1040 2261 1153 2331 rimari
1174 2263 1289 2344 velit,’'

290 2363 468 2434 subridens
482 2363 588 2444 latur,
605 2361 720 2432 “iuvat
736 2384 815 2431 eum
830 2362 1009 2432 loricatum
1023 2362 1178 2432 incedere
1191 2383 1198 2443 ;
1220 2363 1288 2431 iam

290 2471 361 2534 tres
374 2462 528 2534 mulctati
543 2468 625 2532 sunt
641 2462 684 2531 ob
698 2483 796 2531 suam
813 2462 1071 2531 temeritatem?

374 2563 479 2634 “Tres
493 2563 647 2633 homines
656 2562 684 2630 !’'
707 2565 809 2632 iterat
824 2563 930 2632 verba
945 2562 1060 2646 Grady
1074 2562 1210 2632 mirans.

372 2663 507 2747 ‘'Tres’'
522 2661 727 2733 numerabat
742 2663 903 2732 extremis
926 2662 1041 2745 digitis
1064 2662 1174 2744 Pigot
1198 2661 1289 2731 “Pri-

290 2786 386 2834 mum
400 2764 454 2834 ille
470 2765 528 2847 qui
544 2784 668 2832 nomen
688 2762 858 2832 d’Aurelle
884 2763 1067 2844 simulavit,
1090 2763 1148 2845 qui
1175 2767 1288 2832 tamen

290 2885 410 2935 revera
425 2871 578 2934 extortor
590 2863 727 2932 nomine
742 2863 873 2932 Drouet
887 2862 956 2932 luit
968 2885 976 2943 ;
988 2863 1073 2931 alter
1083 2863 1187 2931 herus
1201 2863 1290 2931 Van·

290 2966 370 3046 tine,
394 2964 525 3048 peritus
549 2963 622 3044 ille;
644 2984 683 3031 ac
706 2962 845 3031 tandem
870 2963 1003 3044 tertius,
1027 2962 1092 3031 iste
1121 2961 1290 3045 parasitus

291 3066 405 3135 Morel.
427 3063 560 3134 Horum
575 3084 666 3132 unus
680 3069 818 3131 tantum
844 3063 879 3130 in
905 3063 1018 3144 aliquo
1035 3084 1179 3131 numero
1205 3068 1288 3144 erat,

289 3167 393 3235 herus
406 3164 571 3244 Ventine;
594 3163 668 3232 eius
681 3183 773 3231 mors
793 3162 977 3232 admodum
1003 3169 1054 3232 est
1079 3162 1231 3244 dolenda,
1254 3171 1289 3231 et

289 3288 353 3350 ego
369 3272 461 3335 certo
475 3263 722 3334 scioCrochard
733 3283 808 3332 eam
817 3263 1016 3345 gravissime
1032 3263 1159 3332 tulisse.
1176 3262 1287 3332 Meam

290 3387 426 3449 quoque
441 3371 587 3436 mortem
602 3369 716 3443 posset
731 3363 785 3432 ille
800 3385 892 3446 aegre
907 3363 1009 3444 ferre,
1025 3362 1083 3430 sed
1108 3383 1172 3444 ego
1195 3363 1289 3431 nullo

290 3473 389 3550 pacto
405 3472 549 3549 quartus
563 3464 636 3533 lieri
651 3464 738 3532 volo.
762 3463 839 3533 Non
856 3485 929 3545 ego.
961 3462 1093 3546 Quibus
1108 3461 1206 3532 dictis
1220 3484 1290 3532 ma-

290 3565 427 3636 nutium
442 3565 572 3635 dextrae
587 3586 660 3634 suae
674 3563 837 3646 singulari
852 3584 935 3633 cura
950 3561 1093 3646 aptavit.

375 3665 550 3747 “Indulge⁹
565 3665 612 3733 mi
627 3664 738 3733 Here'’
755 3665 894 3746 eloquor
908 3684 984 3745 ego,
1000 3663 1125 3746 quippe
1140 3663 1199 3745 qui
1221 3663 1288 3732 iam

293 3767 421 3838 diutius
450 3766 547 3836 silere
576 3785 645 3834 non
676 3771 838 3846 poteram.
861 3762 967 3832 “Haec
992 3763 1104 3832 omnia
1118 3771 1190 3832 tam
1204 3763 1290 3832 mira

291 3873 429 3938 sunt-
444 3873 516 3936 tam
531 3864 693 3935 terribilia
716 3899 757 3909 -
783 3886 867 3933 num
889 3865 967 3946 plus
991 3863 1101 3932 dicere
1125 3863 1289 3933 detrecta-

292 3968 367 4038 bis?
389 3966 569 4050 Quidnam,
585 3965 732 4047 obsecro,
753 3964 789 4033 hi
812 3971 882 4034 tres
908 3963 1162 4047 quaesiverunt?
1191 3967 1290 4035 Gem-

292 4088 409 4138 masne
420 4066 457 4136 ?''

376 4165 599 4250 “Singularia,
614 4166 661 4236 mi
676 4165 776 4248 Here,
791 4162 853 4234 tibi
868 4185 965 4247 aeque
980 4169 1063 4233 nota
1081 4169 1163 4232 sunt
1177 4184 1216 4232 rc
1229 4161 1290 4230 mi·
