3500 5158
565 896 757 952 cnocman
779 895 963 950 aeuoouu
985 895 1124 950 scrutur
1289 875 1352 948 317

430 1062 561 1135 “Hodie
576 1069 676 1135 οοῐο.ι
690 1064 774 1136 Cras
788 1063 905 1136 Havre
919 1065 1099 1150 appellet.”

434 1164 758 1236 “Annuntiavistine
772 1165 836 1236 iliis
849 1165 886 1236 ?”

432 1265 624 1347 “Quidnam
632 1267 685 1336 vis
698 1287 754 1337 me
768 1266 990 1336 annuntiasse
1006 1266 1041 1337 ?’'

432 1365 622 1437 “Crochard
636 1366 836 1437 adamantes
849 1365 1017 1436 insectari.
1033 1365 1104 1436 Hos
1124 1385 1186 1449 per
1200 1367 1255 1435 Lo
1269 1365 1355 1434 Bro-

350 1474 452 1550 topne
464 1473 581 1536 vectos
596 1487 668 1536 esse
682 1465 872 1537 verosimile
886 1465 1064 1536 arbitror.’'

432 1581 507 1653 “lta
517 1604 598 1653 sane
613 1591 705 1653 -et
720 1583 953 1667 Pigotvectus
977 1590 1031 1654 est
1044 1604 1124 1653 cum
1137 1581 1180 1652 iis
1193 1585 1272 1652 una.
1287 1580 1356 1652 Cur

349 1704 432 1766 ergo
446 1705 504 1753 eos
517 1683 692 1754 moneam?
714 1684 781 1768 Ipsi
805 1690 896 1754 certe
911 1684 1023 1754 sciunt
1036 1682 1206 1754 Crochard
1216 1681 1260 1752 ad
1272 1682 1357 1766 poti·

349 1781 483 1853 undum
511 1782 553 1852 iis
572 1781 811 1853 adamantibus
840 1783 1026 1854 enisurum.
1052 1782 1091 1853 ld
1106 1787 1241 1852 tentare
1262 1780 1354 1866 apud

352 1904 433 1954 eum
447 1884 522 1953 iere
537 1881 684 1953 officium
699 1883 837 1953 honoris
851 1890 913 1966 est,
927 1905 984 1954 me
998 1882 1118 1954 iudice.
1129 1882 1257 1952 Eorum
1272 1901 1355 1964 ergo

352 1991 404 2054 est
418 1985 571 2054 cavere.’'

436 2099 601 2170 “Nechoc
610 2101 710 2171 nimis
724 2101 874 2172 arduum
888 2101 995 2172 videri
1005 2100 1175 2184 deberet,”
1186 2107 1268 2169 noto
1282 2119 1357 2182 ego,

352 2199 577 2271 “Cubiculum
591 2199 682 2270 enim
698 2201 790 2272 forte
804 2201 902 2271 navis
915 2200 1076 2272 vectoriae
1090 2201 1183 2270 locus
1207 2198 1243 2268 in
1265 2193 1361 2269 omni

351 2301 432 2371 orbe
447 2300 594 2370 maxime
608 2321 748 2372 securus
761 2300 940 2371 habendus
954 2301 1038 2371 est.’'

435 2399 510 2471 “lta
525 2407 560 2470 et
574 2401 657 2470 mihi
667 2401 836 2484 videtur‚”
845 2401 967 2485 probat
981 2399 1142 2484 Godfrey,
1153 2401 1252 2470 fumo
1263 2399 1348 2470 emis

353 2522 390 2571 so
404 2501 551 2584 gyranti.

438 2601 540 2672 Brevi
556 2607 633 2685 post
647 2601 719 2684 ipse
734 2601 805 2672 sine
820 2601 1037 2672 ulterioribus
1048 2601 1162 2672 verbis
1182 2622 1204 2670 a
1224 2622 1279 2671 me
1294 2599 1360 2670 dis·

354 2702 464 2772 cessit.

438 2801 683 2872 Verumtamen
695 2823 763 2886 quo
777 2802 971 2872 accuratius
986 2802 1076 2872 dicta
1095 2800 1350 2886 perpenderem,

355 2922 395 2971 eo
409 2901 533 2971 clarius
547 2902 735 2985 perspicere
750 2901 835 2985 coepi
851 2924 871 2971 e
894 2908 1023 2972 retorto
1047 2923 1129 2972 sono
1152 2901 1258 2972 verba
1278 2901 1353 2970 eius

354 3022 423 3071 non
439 3000 524 3072 adeo
538 3023 737 3085 responsum
753 3024 857 3086 quam
873 3003 1096 3086 questionem
1110 3002 1228 3072 fuisse.

439 3117 678 3202 Quumitaque
686 3119 845 3202 postridie
854 3119 1016 3190 diurnum
1025 3119 1354 3201 meumevolveram,

355 3217 642 3288 litterasunciales
650 3219 897 3302 quodammodo
905 3241 960 3289 me
971 3225 1232 3302 conspecturum
1240 3239 1356 3302 exspe-

355 3318 456 3400 ctavi,
471 3316 596 3401 quibus
605 3339 696 3388 nova
704 3319 885 3402 perfractae
907 3319 1059 3388 casteriae
1080 3318 1180 3388 fortis
1197 3321 1252 3388 Lo
1271 3321 1356 3387 Bro-

358 3425 460 3500 topue
470 3417 723 3487 nuntiarentur.
740 3419 913 3488 Eiusmodi
923 3425 1039 3488 tamen
1050 3418 1223 3501 inscriptio
1234 3416 1357 3499 abfuit,

357 3518 449 3587 unde
478 3516 622 3600 suspirio
640 3517 765 3600 partim
793 3517 920 3601 gaudii,
941 3518 1065 3600 partim
1095 3516 1357 3602 exspectationis

357 3617 544 3699 frustratae,
559 3616 603 3687 ad
618 3625 742 3687 caetera
756 3639 846 3688 nova
860 3638 915 3686 me
930 3618 1092 3687 converti.

458 3871 482 3920 1.
498 3865 593 3920 Hodie
605 3871 676 3930 orto,
692 3867 845 3921 Latinitate
861 3867 987 3934 sequiori,
999 3869 1027 3922 h.
1044 3885 1068 3922 e.
1085 3868 1138 3921 aevi
1152 3867 1311 3924 Christiani.
1325 3885 1359 3923 ex

359 3965 415 4016 quo
427 3951 582 4005 calendario
595 3951 752 4006 Christiano
764 3952 875 4013 utimur,
887 3949 1017 4004 exhodio
1030 3955 1092 4004 orto
1102 3951 1209 4018 phrasis
1220 3967 1271 4004 usu
1284 3953 1362 4006 venit

360 4036 585 4102 adreptimanam
595 4042 753 4102 sequentem
763 4035 946 4097 indicandam,
955 4051 1011 4096 seu,
1021 4035 1131 4096 rectius,
1138 4041 1200 4088 octo
1207 4034 1273 4088 dies
1280 4035 1366 4089 Phra·

361 4121 400 4173 sis
412 4120 505 4186 itaque
518 4119 657 4186 significat
669 4122 731 4171 octo
748 4117 849 4170 diebus
861 4134 880 4170 a
892 4117 939 4171 die
958 4116 1108 4172 hodierno.
1129 4119 1260 4172 Vicissim
1277 4117 1362 4173 hodio

362 4206 432 4268 orto,
449 4203 544 4257 diebus
555 4208 618 4257 orto
631 4205 699 4256 onte
713 4201 875 4256 hodiernum
888 4202 969 4257 diem.
