3502 5158
423 893 466 964 54
695 907 904 962 uxsrnnrou
925 907 1033 962 nucu
1055 900 1173 961 eoum

507 1075 630 1147 “Nunc
645 1077 794 1159 autem,''
808 1077 907 1146 fatur
920 1075 1138 1158 mortuarius,
1153 1073 1217 1144 “ad
1242 1095 1316 1143 rem
1340 1073 1423 1144 occi·

422 1176 581 1260 piendam
596 1177 706 1261 parati
722 1177 871 1247 sumus.”

506 1309 712 1393 “Necdum''
728 1315 833 1393 negat
862 1309 975 1378 minus
1003 1308 1146 1379 civiliter
1174 1308 1298 1392 Grady.
1334 1307 1425 1379 “Pri-

427 1433 525 1480 mum
539 1409 741 1481 relatoribus
754 1410 955 1480 facultatem
965 1410 1132 1480 faciemus
1145 1409 1354 1492 recedendi,'’
1375 1411 1427 1479 ia·

423 1518 482 1582 tur
508 1511 632 1594 Grady,
658 1511 920 1594 transpectando
945 1510 980 1579 in
1006 1509 1168 1592 Godfrey,
1184 1531 1204 1578 e
1218 1509 1357 1592 regione
1373 1532 1423 1579 se

424 1611 572 1694 dentem,
587 1611 685 1681 cuius
698 1611 819 1681 vultus
834 1610 1032 1681 obnubilare
1046 1611 1159 1693 coepit.

507 1745 582 1829 Ipse
598 1751 634 1815 et
649 1767 713 1828 ego
728 1744 852 1815 rubore
873 1744 1114 1828 perfundebar,
1140 1743 1344 1826 iamiamque
1367 1745 1423 1814 ob

422 1845 584 1929 testabar,
600 1845 659 1916 sed
675 1845 827 1929 Godfrev
840 1852 942 1928 gestu
957 1852 998 1914 ut
1012 1844 1145 1913 silerem
1166 1866 1220 1912 me
1244 1846 1422 1927 permovit.

508 1977 637 2061 “Valet,
652 1978 699 2048 mi
714 1979 864 2060 Lester,''
890 1977 1002 2060 inquit
1018 1977 1178 2060 Godfrey,
1194 1975 1328 2047 “Herus
1343 1979 1425 2050 Gra·

424 2078 470 2163 dy
490 2079 564 2148 iure
579 2079 691 2148 utitur
705 2100 777 2149 suo.
794 2078 973 2148 Discedam
988 2113 1028 2122 -
1044 2077 1254 2161 usquedum
1274 2078 1347 2162 ipse
1368 2101 1424 2149 me

423 2178 666 2249 invocaverit.”

425 2412 455 2483 G
495 2309 596 2482 (i‘Din
620 2319 696 2382 tum
721 2310 962 2396 exspectabis,”
992 2309 1063 2380 risu
1090 2309 1269 2380 sarcastico
1298 2311 1425 2394 regerit

455 2434 495 2482 ra
518 2435 551 2496 y.

509 2543 605 2629 “Quo
620 2545 750 2616 diutius
772 2551 1025 2628 exspectavero,
1040 2543 1103 2613 hoc
1119 2543 1183 2612 erit
1198 2565 1259 2627 pro
1275 2550 1320 2626 te,
1334 2545 1424 2614 Here

425 2646 550 2729 Grady,
565 2645 745 2727 deterius‚”
762 2647 877 2728 quiete
892 2644 1000 2713 refert
1022 2643 1182 2728 Godfrey,
1209 2650 1284 2713 tum
1307 2645 1425 2728 pandit

425 2747 560 2829 ostium,
576 2745 718 2828 excedit,
734 2745 928 2827 clauditque
943 2765 1030 2827 pone
1045 2765 1091 2813 se.

509 2877 626 2962 Grady
638 2879 791 2948 coccineo
807 2877 931 2948 rubore
945 2882 1087 2960 stupens
1107 2882 1184 2960 post
1209 2899 1289 2947 eum
1315 2900 1426 2962 respe-

425 2978 541 3048 ctabat
557 2979 744 3062 paululum,
760 2979 838 3048 debr
854 3001 890 3048 se
904 2977 1089 3061 composito
1104 2977 1196 3047 haud
1220 2978 1312 3048 facili
1337 2979 1424 3060 nisu,

424 3100 460 3148 se
475 3079 622 3162 denique
637 3078 680 3149 ad
694 3080 920 3149 mortuarium
935 3080 1114 3151 convertit.

508 3211 651 3282 “Omnia
666 3212 730 3282 rite
746 3213 933 3283 constituta
948 3221 1039 3296 sunt,
1069 3213 1160 3283 Here
1185 3211 1425 3294 Goldberger,''

424 3312 531 3395 fatur,
558 3312 707 3394 tandem,
734 3319 771 3382 et
795 3313 838 3383 ad
865 3335 1059 3396 processum
1085 3313 1335 3382 observandum
1350 3333 1426 3381 con·
1516 3375 1518 3379 .

427 3412 524 3481 sedit.

508 3545 602 3628 Mihi,
624 3545 886 3630 doctoribusque
913 3546 1056 3630 Hughes
1081 3554 1116 3616 et
1142 3543 1424 3628 Freylinghuisen

427 3666 537 3728 pauca
551 3646 763 3715 suffecerunt
777 3647 910 3716 minuta
925 3647 968 3716 ad
984 3654 1107 3717 cuncta
1122 3667 1200 3729 quae
1215 3645 1257 3714 de
1267 3645 1331 3715 hac
1341 3644 1427 3728 prio·

425 3745 525 3827 rique
551 3746 721 3828 tragoedia
746 3747 907 3816 scivimus
936 3747 1134 3816 evolvenda.
1170 3746 1285 3829 Grady
1300 3746 1368 3814 iam
1382 3745 1426 3814 ad

424 3845 559 3914 minuta
587 3851 705 3915 tenere
735 3847 917 3917 videbatur
949 3847 1062 3916 omnia
1099 3867 1177 3929 quae
1206 3846 1249 3915 ad
1278 3853 1426 3915 mortem

424 3945 595 4014 d'Aurelle
610 3946 821 4029 spectabant,
837 3968 928 4030 nam,
944 3947 1008 4016 nisi
1032 3946 1124 4029 quod
1150 3946 1294 4016 subinde
1316 3945 1427 4028 capite

424 4045 556 4128 annuit,
571 4047 678 4115 relata
693 4046 826 4129 excepit
842 4047 925 4129 quin
942 4069 1004 4116 nos
1018 4046 1258 4128 interpellaret.

506 4177 661 4262 “Nonne,
688 4179 778 4249 Here
804 4179 1005 4262 Simmonds,
1030 4179 1135 4249 habes
1161 4179 1339 4248 elenchum
1355 4199 1424 4247 om-
