3500 5158
556 933 750 989 cnocmso
771 931 955 989 seimonu
976 931 1113 987 scnnur
1262 914 1326 985 313

413 1101 601 1185 Repertum
614 1123 697 1172 vero
712 1108 765 1172 est
784 1101 937 1172 chartam
952 1122 1022 1170 non
1043 1100 1143 1170 modo
1166 1099 1330 1183 apocham

330 1201 448 1285 fuisse,
472 1201 531 1272 sed
562 1202 697 1286 plenam
722 1201 953 1272 narrationem
962 1199 1196 1283 singularium,
1206 1221 1269 1269 nec
1279 1220 1332 1268 ce·

330 1301 414 1371 lavit
429 1301 616 1384 quidquam
631 1323 674 1370 ex
688 1301 869 1371 eventibus
883 1300 971 1370 cirea
984 1301 1130 1382 furtum,
1141 1299 1330 1383 meritaque

331 1403 466 1470 Record
481 1401 570 1470 circa
589 1408 741 1484 repertos
762 1408 866 1484 atque
889 1406 1107 1484 recuperatos
1123 1399 1331 1469 adamantes.

331 1501 457 1570 Vultus
472 1500 586 1584 Grady
600 1499 737 1570 interim
751 1500 860 1583 magis
874 1500 1052 1582 magisque
1067 1498 1245 1569 rubescere
1265 1519 1331 1568 coe·

227 1591 235 1606 '
330 1599 381 1682 pit
395 1599 478 1669 dum
494 1600 738 1671 documentum
760 1599 1018 1683 praelegebatur.

414 1698 509 1782 “Ego
523 1721 606 1770 vero
630 1699 862 1770 testimonium
887 1699 1032 1783 idgenus
1053 1719 1232 1782 nunquam
1254 1697 1332 1767 suo

329 1799 505 1882 scribam”
520 1798 709 1870 obblaterat
724 1799 848 1883 Grady.
865 1798 989 1870 “Nullo
1011 1819 1150 1883 prorsus
1173 1804 1272 1882 pacto
1296 1797 1331 1867 id

331 1898 506 1982 patrabo!”

414 1997 482 2069 “At
496 2020 578 2070 vero
593 2007 644 2082 tu,
659 1999 705 2069 mi
721 1999 812 2070 Here
827 1999 938 2082 Pigot,
949 2019 1062 2069 nonne
1073 1997 1330 2081 subsignabis?”

331 2099 632 2184 quaeritoodrrey.
1178 2165 1182 2176 .

418 2198 600 2269 “Libenter
610 2199 798 2282 equidem,”
810 2198 990 2282 respondet
998 2199 1159 2282 Francus,
1170 2197 1231 2269 “eo
1239 2198 1330 2268 enirn

330 2321 383 2370 res
397 2321 419 2370 a
433 2305 468 2370 te
483 2299 570 2370 bene
589 2305 707 2383 gestae,
728 2306 764 2370 et
784 2299 871 2370 bene
893 2298 934 2369 de
957 2299 1140 2382 Republira
1160 2306 1196 2369 te
1217 2321 1330 2368 meru-

331 2399 396 2469 isse
411 2399 637 2482 agnoscitur‚”
653 2420 721 2482 quo
736 2398 825 2468 dicto
840 2399 876 2468 in
891 2399 1041 2469 medium
1062 2420 1261 2482 progressus
1275 2420 1333 2468 no-

332 2520 410 2570 men
425 2521 504 2568 cum
518 2498 687 2568 coronide¹
701 2499 924 2582 subsignavit

415 2597 507 2667 “lam
522 2598 622 2668 modo
637 2605 687 2680 tu,
701 2597 922 2680 Simmonds,”
937 2599 1059 2669 suadet
1073 2599 1233 2682 Godrrey.

415 2697 527 2769 “Cave
535 2697 688 2780 feceris?
699 2698 940 2781 interloquitur
955 2699 1080 2782 Grady.
1092 2697 1180 2769 “Fac
1194 2721 1334 2770 maneas

331 2797 378 2869 ibi
393 2798 453 2868 ubi
462 2819 508 2881 es,
518 2796 718 2868 Simmonds.
728 2798 894 2868 Prohibeo
909 2799 972 2868 tibi
987 2799 1170 2882 quominus
1178 2799 1213 2870 id
1228 2799 1335 2870 subsi-

331 2921 426 2982 gnes.
442 2897 637 2968 Memineris
650 2919 706 2968 me
720 2897 783 2967 tibi
797 2898 906 2969 officio
920 2899 1114 2981 praestare.’'

416 2997 515 3069 “Noli
534 2997 681 3081 credere,
707 2997 929 3080 Simmonds‚”
955 2998 1070 3082 quiete
1094 2999 1334 3082 interloquitur

333 3099 493 3228 dodfrey.
505 3096 629 3168 “Horae
637 3105 697 3168 aut
706 3097 812 3182 pluris
827 3098 935 3180 spatio
950 3098 1021 3182 ipse
1036 3099 1186 3169 officialis
1196 3121 1268 3170 esse
1277 3099 1333 3170 de-

332 3207 397 3270 sut·
416 3298 531 3382 Grady
556 3299 591 3368 in
616 3298 719 3382 pedes
741 3297 894 3380 consiliit,
920 3297 1093 3382 oculisque
1117 3297 1335 3382 inflammatis

332 3421 454 3470 versus
469 3398 619 3482 Godfrey
633 3399 750 3468 itabat.

417 3497 528 3581 “Quid
541 3498 602 3569 tibi
617 3499 653 3566 in
668 3498 780 3568 animo
796 3506 848 3569 est
862 3498 1005 3569 innuere
1014 3499 1051 3570 ?''
1073 3499 1207 3570 boabat.

433 3718 457 3768 1.
472 3713 604 3778 Coronae,
622 3714 703 3779 edis,
718 3716 748 3769 fr
760 3717 844 3770 moris
856 3717 993 3784 quondam
1006 3717 1070 3780 fuit,
1084 3723 1112 3770 et
1125 3733 1210 3785 usque
1222 3718 1336 3772 estsere

333 3799 404 3866 apud
417 3798 526 3861 multos,
538 3805 599 3866 post
612 3814 711 3852 nomen
726 3801 908 3866 subscriptum
923 3801 1031 3854 litteras
1043 3801 1161 3854 adiicere
1172 3815 1211 3855 m.
1225 3817 1267 3868 μ,
1282 3817 1339 3854 ma·

333 3900 372 3936 nu
384 3881 500 3950 propris,
513 3881 553 3935 itu
566 3898 636 3948 saepe
649 3883 778 3936 affectata
789 3889 817 3936 et
829 3884 983 3950 depravatu,
996 3890 1028 3937 ut
1040 3884 1095 3936 iam
1108 3900 1164 3937 non
1178 3885 1278 3938 litterae
1289 3885 1335 3938 sed

332 3965 549 4026 coniusaellueae,
559 3981 684 4032 vanaque
693 3967 827 4019 linearum
839 3973 1000 4020 omameutu
1009 3984 1068 4021 esse
1081 3967 1247 4030 viderentur,
1258 3968 1336 4020 cuius

332 4051 372 4104 rei
383 4047 503 4116 vestigia
516 4055 669 4115 supersunt,
680 4065 843 4117 quamquam
854 4051 939 4117 quiid
949 4051 1065 4113 iaciunt,
1081 4051 1209 4104 nesciunt
1220 4050 1285 4118 quid
1298 4051 1338 4103 fa·

334 4134 418 4191 ciant.
436 4133 510 4186 idern
523 4133 619 4185 evenit
631 4133 664 4184 de
676 4133 758 4186 verbo
769 4131 867 4195 Finis,
883 4150 917 4186 ex
929 4150 983 4201 quo
996 4150 1110 4187 coronas
1121 4139 1149 4186 et
1162 4135 1278 4188 corollas
1290 4135 1339 4187 fin.

333 4223 441 4272 nerum.
