3500 5158
430 897 494 966 310
693 912 905 967 uvsrsarun
926 911 1034 965 raca
1056 905 1176 966 nourr

304 1152 311 1164 ,
430 1080 513 1150 teris
537 1079 726 1150 indicando.
757 1081 861 1150 Error
891 1079 1035 1164 idgenus
1060 1079 1222 1149 facillime
1237 1078 1434 1160 incurritur,

434 1179 524 1262 quod
538 1179 727 1249 verosimile
742 1187 795 1250 est
809 1180 929 1250 heram
945 1202 1042 1250 suam
1059 1180 1114 1248 isti
1128 1180 1164 1248 in
1178 1179 1361 1262 aperiendo
1376 1179 1430 1247 io-

431 1280 506 1349 rulo
520 1286 618 1362 tergo
630 1279 673 1348 ad
683 1301 720 1348 se
732 1301 831 1349 verso
840 1280 957 1349 fuisse.
967 1279 1086 1349 Iuliam
1096 1279 1204 1362 ipsam
1216 1277 1384 1348 erravisse
1394 1277 1435 1346 fit

430 1386 574 1462 certum,
586 1400 692 1462 quum
704 1380 941 1449 molimentum
952 1380 1035 1449 hero
1050 1379 1198 1449 Vantine
1211 1378 1384 1461 explicuit,
1398 1383 1435 1446 et

430 1479 474 1549 ob
488 1501 568 1548 eum
584 1501 734 1549 errorem
748 1479 802 1549 hic
817 1501 953 1562 quoque
968 1479 1097 1549 occisus
1111 1487 1173 1548 est.
1200 1478 1372 1548 Praeterea
1396 1483 1433 1546 et

433 1579 590 1648 Matrona
613 1579 734 1649 Velata
757 1579 871 1648 verbis
891 1579 990 1649 elaris
1011 1578 1158 1662 prodidit
1176 1599 1250 1648 rem
1262 1577 1310 1647 sic
1320 1598 1357 1647 se
1371 1576 1432 1645 ba-

435 1678 548 1749 bere.”

420 1775 421 1780 ’
518 1777 613 1862 “Ego
627 1778 662 1849 id
674 1801 743 1848 non
758 1778 1017 1862 animadverti,¹'
1033 1778 1162 1861 explico
1176 1799 1240 1861 ego
1252 1799 1350 1861 aequo
1361 1775 1430 1846 ani·

436 1901 503 1948 mo.
519 1877 711 1958 “Quidnam
726 1879 760 1948 id
774 1879 884 1950 fuitt”

517 1976 631 2047 “Dixit
646 1979 771 2048 scilicet
786 1979 860 2060 ipsa
873 2000 908 2047 se
924 2000 1031 2048 manu
1046 1977 1150 2060 laeva,'
1165 1980 1238 2048 loco
1253 1983 1366 2058 rectae,
1380 1977 1397 2048 f
1418 2016 1431 2029 ·

437 2080 550 2149 rulum
578 2078 709 2161 aperire
735 2079 868 2148 solitam
884 2101 967 2148 esse.
982 2079 1065 2149 Post
1076 2072 1078 2080 ’
1090 2079 1219 2149 dictum
1236 2079 1299 2148 hoc
1322 2077 1435 2146 nullus

434 2200 572 2262 prorsus
586 2179 679 2248 locus
693 2178 795 2247 dubio
810 2201 985 2262 superesse
1000 2186 1144 2262 poterat.
1169 2180 1214 2248 Et
1223 2178 1269 2248 sic
1280 2178 1432 2247 forulum

434 2299 572 2363 prorsus
593 2279 684 2348 nullo
695 2279 809 2348 labore
820 2279 939 2362 reperi.
956 2280 1055 2349 Hunc
1067 2280 1158 2349 enim
1172 2279 1219 2350 ibi
1233 2301 1306 2348 esse
1320 2299 1433 2348 neces·

435 2401 472 2449 se
486 2378 591 2449 erat.”

519 2477 653 2560 “Esto'’
668 2478 834 2562 respondi,
851 2477 948 2549 “tum
963 2479 1086 2562 quidl’'

519 2578 630 2649 “Turn
646 2600 799 2661 gemmas
814 2580 947 2663 sustuli,
963 2602 1020 2650 eas
1034 2579 1231 2650 fabricatori
1245 2578 1431 2649 imitamen·

435 2686 551 2750 torum
566 2679 713 2761 exhibui,
729 2686 764 2748 et
780 2679 988 2750 adulterinas
1002 2681 1114 2763 quoad
1136 2702 1198 2764 par
1210 2686 1285 2750 erat
1299 2701 1435 2749 accura-

436 2785 471 2848 te
486 2779 597 2848 factas
612 2778 782 2848 substitui.
813 2779 971 2849 Arduum
999 2802 1165 2863 perquam
1189 2788 1263 2850 erat
1284 2785 1435 2861 coeptum

436 2879 516 2948 huic
530 2877 703 2947 adamanti
717 2900 814 2948 roseo
829 2879 1015 2950 maiusculo
1034 2901 1097 2963 par
1111 2879 1316 2951 comminisci
1332 2879 1418 2947 simu

439 2978 600 3049 lacrum.”

519 3077 581 3148 His
594 3078 708 3148 verbis
723 3100 835 3149 eume
851 3081 988 3151 cumulo
1002 3081 1150 3163 sustulit,
1176 3080 1331 3163 duosque
1345 3079 1435 3149 inter

436 3178 560 3262 digitos
573 3179 767 3248 ostentavit.

521 3277 713 3358 “Quidnam
727 3279 791 3348 hoc
806 3279 1018 3362 pulchrius?”
1034 3279 1202 3364 quaesivit.

521 3378 635 3448 Herus
648 3379 749 3462 Pigot
764 3380 924 3462 languide
940 3380 1090 3451 subrisit.

521 3475 575 3547 “Is
590 3478 739 3547 Mazarin
753 3481 926 3560 vocatur,'’
952 3482 1010 3563 ait,
1033 3480 1213 3562 “valetque
1236 3481 1434 3549 francorum

437 3577 601 3648 milliones
616 3585 695 3647 tres.
711 3578 795 3648 Eius
808 3579 1061 3650 imitamentum
1081 3581 1116 3649 in
1132 3580 1268 3650 Louvre
1282 3601 1434 3649 asserva-

439 3678 529 3747 tur.’'

521 3775 602 3846 “Est
616 3776 651 3847 id
675 3777 793 3861 itaque
807 3780 970 3851 verum?”
994 3801 1111 3862 quaero
1138 3801 1213 3862 ego.
1244 3778 1434 3850 “Crochard

436 3876 612 3946 historiam
626 3877 700 3946 eius
714 3877 891 3960 prodidit.”

519 3974 612 4058 “Est,
644 3997 735 4058 sane,
753 3976 825 4046 sine
856 3977 1099 4061 dubitatione,”
1119 3979 1240 4048 asserit
1261 3979 1365 4050 herus
1380 3979 1432 4050 Pi·

437 4082 508 4159 got.
534 4074 627 4145 “Nec
642 4075 706 4145 hoc
721 4085 889 4147 secretum
900 4085 952 4148 est
963 4115 1004 4123 -
1018 4079 1075 4148 sed
1091 4079 1217 4162 aliquid
1246 4080 1338 4162 quod
1366 4101 1435 4149 me-

437 4175 545 4247 moria
559 4177 712 4246 omnium
725 4177 879 4248 excidit.''
