3554 5156
432 874 496 944 118
692 889 900 944 nrsrnnrun
921 888 1029 944 nncn
1049 882 1169 944 noum

514 1055 773 1141 “Quidquamne
787 1057 902 1140 habes,
918 1057 1057 1140 Rogers,
1068 1058 1132 1128 hac
1142 1079 1286 1140 vespera
1294 1057 1331 1126 ?'’
1346 1056 1429 1126 mite

429 1157 473 1227 ab
488 1178 529 1226 eo
543 1165 632 1241 peto,
649 1155 760 1242 “quod
775 1157 872 1228 nobis
885 1158 1068 1229 edisserere
1082 1157 1211 1228 velis?”
1234 1157 1281 1226 At
1303 1157 1358 1226 ille
1380 1156 1430 1226 ni-

428 1257 476 1327 hil
490 1258 554 1326 nisi
569 1265 674 1342 caput
688 1258 808 1341 agitat.

514 1373 607 1445 “Iam
621 1397 701 1458 quae
724 1375 816 1458 scivi,
837 1373 884 1445 mi
910 1376 1011 1457 Here,
1035 1375 1148 1445 omnia
1172 1375 1236 1445 tibi
1259 1373 1428 1456 narravi,”

429 1497 512 1546 voce
528 1477 702 1558 respondit
717 1476 892 1546 submissa.

513 1573 665 1646 “Vexare
680 1583 715 1646 te
730 1599 798 1646 non
813 1598 965 1660 pergam,
980 1577 1140 1660 Rogers,’'
1161 1597 1346 1660 prosequor
1360 1596 1429 1644 ser-

428 1697 575 1759 monem,
606 1675 750 1747 “vellem
780 1683 895 1747 tamen
925 1683 1068 1747 utrem
1096 1684 1211 1746 tecum
1239 1681 1426 1759 reputares.

430 1775 538 1859 Opem
553 1797 674 1860 meam,
691 1777 856 1860 siquando
871 1799 983 1860 egeas,
1006 1778 1068 1846 tibi
1088 1777 1289 1847 adfuturam
1311 1775 1427 1846 scito.”

513 1892 635 1963 Oculos
650 1915 730 1962 suos
744 1894 812 1964 cito
827 1893 862 1962 in
878 1915 932 1963 me
957 1894 1159 1976 sublevavit,
1186 1893 1244 1964 sed
1269 1893 1427 1976 protinus

426 2014 462 2062 se
477 1993 605 2076 recepit
618 2001 654 2062 et
669 1993 829 2063 obtutum
844 1994 978 2063 avertit.

512 2092 685 2164 “Gratiam
701 2094 762 2164 tibi
777 2094 917 2178 habeo,”
938 2094 1122 2178 respondit,
1150 2117 1213 2165 nec
1239 2093 1426 2178 quidquam

429 2195 515 2277 plus.

511 2293 633 2364 “Nunc
647 2295 760 2378 vero,”
778 2317 899 2365 moneo
910 2295 1072 2379 asperius,
1087 2294 1142 2365 “te
1158 2317 1298 2379 surgere
1313 2295 1426 2366 iubeo.

428 2395 530 2477 Velis,
545 2395 653 2464 Parks
666 2396 835 2465 camulam
849 2418 871 2466 a
885 2397 1018 2466 foribus
1032 2397 1193 2466 amoliri.''

512 2496 620 2565 Parks
635 2498 735 2566 vultu
751 2496 903 2580 stupenti
919 2497 1126 2580 obsequitur.

512 2594 582 2665 “Eo
597 2603 689 2666 certe
704 2619 772 2666 non
787 2597 969 2672 intrabitis,
995 2597 1062 2666 mei
1086 2597 1169 2666 Heri
1179 2596 1208 2666 !”
1234 2596 1426 2667 obtestatur

427 2717 482 2765 me
498 2696 606 2766 Parks
621 2719 739 2766 ansam
754 2697 882 2767 forium
897 2705 1083 2767 tenentem.

512 2795 739 2867 “Intrabimus
772 2798 885 2880 vero,”
915 2798 1082 2881 respondi,
1117 2799 1278 2882 foresque
1313 2797 1425 2882 pandi.

427 2895 553 2966 “Estne
569 2933 610 2941 -
626 2904 679 2966 est
695 2951 702 2965 .
717 2897 746 2966 .”

509 2995 609 3067 “Non
624 2998 707 3079 est,'’
729 2997 922 3080 interpellat
936 2997 1054 3081 Parks,
1071 2997 1264 3068 divinando.
1289 2997 1426 3068 “Libiti-

425 3097 511 3166 narii
520 3098 681 3180 capulum
695 3099 896 3181 attulerunt,
908 3098 1052 3167 cadaver
1061 3098 1305 3182 imposuerunt,
1317 3105 1353 3167 et
1362 3097 1426 3167 hoc

426 3196 678 3280 postmeridiem
693 3198 729 3265 in
744 3197 916 3268 exedram¹
933 3198 1182 3268 dimoverunt.”

509 3312 635 3383 “Valde
650 3315 769 3397 placet.
792 3315 893 3384 Nunc
908 3321 1033 3385 cuncta
1047 3315 1177 3384 lumina
1201 3337 1342 3385 accensa
1365 3313 1424 3384 ha·

425 3413 507 3483 bere
522 3415 609 3496 vole,
624 3414 670 3482 mi
686 3413 804 3497 Parks,
820 3436 958 3498 prorsus
972 3423 1012 3484 ut
1026 3418 1169 3498 vespera
1183 3415 1374 3484 hestema”

509 3531 616 3600 Parks
630 3552 735 3600 manu
749 3531 839 3601 intra
854 3531 993 3601 ianuam
1013 3538 1168 3615 porrecta
1193 3531 1425 3602 deflecton‘um

424 3631 618 3700 electricum
633 3631 791 3701 advertit.
813 3631 905 3701 Tum
919 3631 1104 3715 discedens,
1119 3632 1178 3702 sed
1192 3636 1283 3703 cerat²
1297 3633 1423 3702 iterum

526 3852 550 3903 1.
567 3838 694 3914 Exedra,
716 3865 760 3913 -ω,
778 3856 820 3904 est
844 3851 999 3904 cubiculum
1023 3851 1140 3917 amplius
1164 3857 1193 3904 et
1219 3851 1350 3912 ornatius,
1376 3850 1423 3902 ubi

425 3933 581 4000 peregrinos
593 3934 750 3999 excipimus,
763 3940 810 3986 aut
823 3933 871 3987 ubl
884 3934 992 3987 familia
1004 3941 1199 4001 congregatum
1216 3935 1323 3987 diversa
1335 3940 1377 3987 est
1389 3933 1423 3986 ab

424 4031 490 4079 oeoo,
508 4017 577 4082 (uo,
587 4015 625 4080 ·i)
638 4017 685 4083 qui
698 4018 769 4070 ostio
782 4018 928 4084 contiguus
940 4023 990 4071 est.

524 4103 548 4153 2.
567 4099 653 4163 Cera,
668 4115 713 4163 -ιε,
729 4106 771 4154 est
783 4101 895 4154 candela
907 4117 922 4154 e
935 4117 997 4154 cera
1008 4101 1107 4163 tenuis,
1119 4104 1172 4166 qud
1186 4101 1323 4168 lampades
1339 4101 1423 4154 altius

424 4183 574 4250 pendentes
586 4184 782 4238 succendimus.
