3536 5156
517 851 684 909 courum
697 853 872 910 rnsmnu
887 852 1070 910 corrrcnu
1085 853 1191 908 rmus
1294 835 1358 908 229

353 1018 452 1104 ditor,
467 1019 540 1091 sine
555 1020 776 1093 dubitatione.
787 1022 1043 1108 Comperiemur
1057 1043 1137 1092 mox
1151 1043 1232 1092 eum
1248 1041 1291 1092 ex
1306 1041 1358 1090 as·

314 1175 317 1182 .
355 1120 451 1191 seclis
473 1120 626 1192 Annand
651 1121 768 1193 tuisse.
801 1122 946 1194 Secutus
968 1123 1039 1206 ipse
1066 1129 1118 1193 est
1143 1121 1295 1192 Annand
1321 1121 1357 1190 in

354 1221 555 1305 Americam,
570 1221 708 1293 insidias
722 1223 753 1293 ei
768 1222 925 1306 tetendit,
941 1224 1031 1306 cepit
1045 1244 1126 1294 eum
1140 1221 1216 1304 reti,
1231 1242 1355 1292 manus

352 1320 524 1405 pedesque
539 1321 614 1392 eius
628 1320 748 1392 vinxit.
770 1323 865 1393 Num
880 1330 983 1406 putas
996 1322 1150 1394 Armand
1164 1322 1256 1392 hunc
1271 1321 1306 1392 in
1321 1322 1358 1391 il·

354 1421 387 1491 la
402 1419 503 1491 domo
516 1421 679 1492 interesse
694 1422 930 1506 ignoravisse?
966 1424 1021 1493 An
1036 1423 1140 1493 etiarn
1155 1422 1263 1493 credis
1276 1443 1356 1492 eum

354 1520 501 1592 valuisse
516 1521 668 1593 Armand
683 1544 804 1606 capere
818 1531 855 1594 et
868 1523 997 1594 vincire
1012 1523 1160 1594 invitum
1169 1521 1206 1593 ?'’

439 1635 533 1722 “Ego
569 1660 652 1710 vero
681 1639 871 1724 perspicere
906 1661 1041 1724 nequeo
1069 1638 1357 1724 quemadmodum

354 1738 518 1821 Armand,
533 1760 642 1822 qutun
656 1739 692 1809 in
708 1740 782 1810 eius
796 1745 1001 1824 potestatem
1016 1740 1189 1823 incideret,
1216 1739 1357 1810 eluctari

354 1838 552 1923 potuisset?

438 1954 538 2028 “Non
553 1958 734 2041 perspicis?
754 1960 862 2044 Atqui
878 1961 1005 2043 tuipse
1027 1959 1124 2030 testis
1149 1959 1247 2029 fuisti
1273 1957 1358 2029 vidi·

354 2056 467 2141 stique
481 2078 561 2127 eum
576 2079 698 2128 revera
711 2059 866 2130 vinctum
881 2081 950 2132 non
965 2059 1127 2130 fuisse-
1143 2080 1266 2142 nempe
1281 2080 1355 2129 sese

356 2157 547 2228 liberasse.’'

440 2272 499 2345 “Id
514 2296 638 2346 verum
652 2277 736 2358 est,''
752 2276 1017 2348 meditabundus
1030 2277 1146 2348 annui.

439 2389 742 2464 “Consummemus
757 2415 839 2476 ergo
853 2393 1059 2478 historiam,”
1084 2399 1245 2478 properat
1270 2393 1356 2464 God-

353 2491 432 2574 frey
452 2511 601 2562 narrare.
624 2490 802 2563 “Proditor
824 2493 958 2564 invenit
984 2501 1153 2564 secretum
1176 2514 1282 2575 arcae;
1305 2515 1357 2562 se-

354 2591 473 2675 quitur
487 2592 639 2663 Armand
650 2593 725 2663 Neo
736 2593 939 2676 Eboracum,
949 2595 1035 2664 clam
1046 2593 1265 2678 prosequitur
1276 2615 1356 2663 eum

353 2691 390 2761 in
404 2691 544 2762 domum
559 2693 686 2764 Plateae
701 2692 870 2778 Septirnae,
897 2716 977 2765 eum
991 2694 1039 2764 ibi
1053 2694 1280 2777 praestolatur,
1304 2716 1357 2765 ca·

354 2791 405 2874 pit
419 2797 455 2862 et
469 2792 575 2863 vincit
590 2814 680 2864 eum.
702 2793 851 2866 Victoria
875 2795 950 2865 tere
971 2795 1112 2865 demens
1136 2829 1178 2840 -
1202 2793 1355 2864 insanam

354 2891 550 2964 modulatur
578 2893 783 2964 cantilenam
812 2893 901 2965 circa
928 2893 1125 2976 vindictam,
1159 2893 1356 2977 vindictam,

354 2991 560 3063 vindictam!
582 2995 707 3077 Atque,
722 3001 764 3064 ut
778 2994 922 3065 victoria
935 3016 998 3064 sua
1012 3016 1151 3078 prorsus
1176 3000 1266 3064 esset
1290 2996 1358 3078 ple-

354 3114 409 3176 na,
424 3093 599 3176 captivum
614 3115 717 3165 suurn
731 3116 800 3165 non
815 3095 901 3165 illico
916 3095 1098 3166 interiecit.
1128 3095 1218 3164 Eum
1243 3095 1357 3177 potius

354 3193 390 3262 in
404 3193 571 3276 angulum
586 3195 767 3278 provolvit,
782 3201 887 3278 atque
902 3195 945 3266 ad
961 3196 1136 3266 involucra
1150 3214 1238 3264 arcae
1251 3195 1359 3265 revel-

354 3291 455 3363 lenda
469 3315 505 3364 se
520 3293 675 3377 accingit.
697 3293 837 3365 Summa
851 3296 1003 3367 victoriae
1024 3297 1146 3366 futura
1168 3300 1222 3364 est
1246 3315 1354 3377 quum

354 3395 526 3464 occultum
541 3394 695 3466 forulum
710 3395 775 3465 sub
789 3395 894 3466 oculis
908 3395 1013 3480 ipsius
1035 3393 1186 3465 Armand
1211 3395 1356 3466 evellere

354 3493 514 3576 potuerit.
537 3494 689 3565 Armand
704 3503 822 3566 eutem
849 3495 883 3565 in
910 3495 1039 3578 angulo
1059 3495 1147 3565 iacet
1171 3493 1276 3564 oculis
1300 3495 1380 3565 tia-⁴

354 3593 543 3678 grantibus,
559 3595 720 3679 quoniam
744 3617 864 3666 revera
889 3595 963 3667 haec
987 3597 1101 3680 potius
1126 3615 1189 3666 sua
1212 3595 1357 3666 victoria

353 3700 407 3764 est
420 3696 542 3765 futura
552 3693 582 3764 !”

438 3809 609 3882 “Victoria
623 3813 787 3884 futura?”
809 3834 936 3896 quaero.
966 3812 1157 3897 “Quidnam
1183 3837 1223 3886 eo
1249 3814 1356 3886 verbo

353 3912 496 3983 innuere
509 3911 602 3983 vis?”

438 4027 591 4100 “Scilicet
621 4027 713 4113 quod
748 4029 869 4100 eodem
904 4037 1077 4102 momento
1107 4053 1176 4114 quo
1204 4031 1357 4115 proditor

354 4137 537 4216 aperturus
550 4135 625 4200 erat
638 4129 801 4216 torulum,
816 4130 1082 4202 mechanisrnate
1092 4138 1263 4204 venenato
1276 4131 1357 4204 teri·
