3536 5156
410 930 474 1002 210
671 945 880 1000 ursramun
901 944 1008 998 anca
1030 939 1149 999 poma

412 1121 538 1184 verunt
554 1114 690 1196 iterum,
705 1121 740 1183 et
760 1135 852 1183 nunc
868 1135 888 1183 a
903 1135 1036 1183 summo
1063 1113 1106 1183 ad
1131 1115 1238 1184 imum
1254 1113 1335 1183 fissa
1350 1121 1412 1184 est.

413 1213 565 1297 Godfrey
580 1214 726 1284 calcibus
740 1214 893 1296 diffregit
908 1235 984 1283 earn
1008 1237 1051 1282 ex
1074 1221 1222 1297 utraque
1246 1221 1354 1297 parte,
1376 1221 1412 1283 et

412 1335 589 1397 egressum
604 1321 727 1384 nactus
740 1315 875 1397 erepsit,
890 1313 1081 1384 Simmonds
1095 1322 1269 1397 sequente.
1406 1337 1408 1340 ·

496 1414 564 1483 Mei
577 1415 651 1484 fere
666 1414 775 1496 impos
796 1414 942 1496 denique
957 1420 993 1483 et
1007 1436 1072 1497 ego
1087 1437 1141 1482 me
1157 1437 1196 1483 eo
1212 1415 1350 1496 contuli,
1372 1436 1411 1483 ac

414 1520 491 1596 post
506 1535 616 1597 pauca
638 1520 812 1583 momenta
837 1515 1024 1584 caecutiens
1048 1524 1083 1583 et
1110 1516 1260 1597 palpans,
1286 1515 1411 1583 iterum

414 1613 508 1696 foris
523 1614 559 1684 in
574 1614 707 1684 ambitu
722 1636 777 1683 me
792 1615 911 1696 reperi.
939 1615 993 1683 Ad
1017 1622 1121 1697 caput
1143 1615 1314 1696 graduum
1340 1636 1413 1697 per-

412 1713 503 1797 veni,
529 1715 621 1784 unde
643 1714 759 1784 videre
785 1722 939 1797 poteram
963 1715 1114 1797 Godfrey
1141 1715 1266 1784 ostium
1280 1722 1413 1784 tentan-

414 1821 495 1896 tem,
511 1821 587 1884 tum
601 1815 637 1883 in
653 1814 793 1896 ambitu,
819 1815 854 1884 in
881 1814 1067 1897 pedeplano
1090 1822 1182 1884 retro
1208 1823 1347 1883 euntem
1369 1815 1413 1883 ad

415 1913 579 1996 posticam
605 1915 756 1984 domum.
790 1915 885 1984 lntra
908 1921 1122 1984 momentum
1137 1914 1298 1997 temporis
1313 1915 1415 1983 eiula-

415 2019 491 2082 tum
517 2013 756 2097 quiritantium
781 2015 961 2096 mulierum
987 2014 1112 2097 audivi,
1140 2021 1180 2083 ut
1205 2015 1278 2083 fere
1304 2013 1414 2096 capilli

415 2113 500 2183 mihi
515 2115 618 2185 erecti
633 2121 773 2184 starent.

499 2215 792 2298 Quemadmodum
807 2214 935 2297 gradus
958 2215 1157 2297 traiecerim‚
1181 2214 1273 2284 haud
1299 2215 1415 2284 memi-

415 2313 469 2394 ni:
491 2315 599 2384 sedin
615 2315 800 2399 pedeplano
815 2337 881 2397 ego
895 2337 1031 2398 quoque
1046 2323 1233 2385 retrorsum
1248 2316 1294 2384 ivi
1310 2323 1345 2385 et
1359 2337 1416 2384 ex·

415 2415 566 2497 spectavi
581 2437 716 2499 quoque
730 2423 903 2485 momento
917 2438 972 2484 me
988 2416 1099 2484 nescio
1114 2417 1148 2483 in
1173 2438 1274 2498 quem
1301 2416 1415 2484 horro

415 2537 488 2584 rem
500 2515 710 2598 illapsurum.
732 2517 876 2585 Perveni
891 2515 934 2585 ad
958 2516 1095 2585 ianuam
1111 2517 1272 2598 patulam,
1288 2517 1416 2598 ingres·

416 2637 541 2698 susque
557 2638 617 2698 per
632 2637 718 2697 eam,
732 2616 768 2684 in
784 2616 951 2685 lavatrina
965 2637 1020 2684 me
1042 2622 1190 2684 stantem
1205 2617 1325 2698 reperi,
1341 2638 1415 2698 gre-

418 2736 462 2798 ge
475 2715 732 2798 perterritamm
746 2715 1066 2798 indignantiumque
1079 2716 1261 2785 mulierum
1275 2716 1416 2785 circum-

418 2815 530 2897 datus,
545 2837 622 2898 quae
635 2817 757 2898 vagitu
773 2823 808 2885 et
823 2815 1004 2885 eiulatione
1018 2837 1073 2883 mc
1087 2823 1303 2898 exceperunt.

502 2914 652 2985 Ulterius
665 2916 714 2984 ire
730 2937 837 2998 quum
854 2915 1039 2997 nequirem,
1053 2915 1089 2983 in
1105 2915 1259 2984 cistulam
1281 2915 1415 2985 obviam

418 3014 600 3097 languidus
614 3015 758 3096 consedi,
774 3017 919 3099 indeque
935 3037 992 3084 eas
1005 3017 1164 3097 spectavi.

503 3115 581 3185 Non
596 3115 741 3185 diffiteor
756 3116 936 3185 ridiculum
959 3136 1014 3184 me
1038 3114 1222 3198 praebuisse
1245 3123 1417 3197 spectacu-

418 3215 500 3297 lum,
516 3215 607 3297 quod
621 3221 657 3285 et
671 3238 690 3285 e
706 3215 826 3298 vagitu
842 3216 876 3284 in
893 3215 1075 3284 submissos
1089 3214 1268 3284 cachinnos
1283 3223 1417 3284 mutato

420 3315 502 3384 satis
517 3315 683 3397 intellexi;
705 3322 742 3384 at
757 3337 868 3384 meam
883 3315 1030 3396 figuram
1052 3337 1190 3397 prorsus
1215 3315 1296 3384 nihil
1322 3316 1416 3399 pensi

419 3413 534 3498 habui,
548 3437 612 3485 nec
627 3416 736 3498 qualis
760 3415 1029 3497 inspectantibus
1055 3436 1253 3496 apparerem
1279 3436 1418 3497 prorsus

419 3515 547 3585 curavi.
574 3515 647 3597 Ego
660 3536 769 3597 usque
784 3514 829 3584 ibi
845 3514 1003 3584 sedebam
1018 3536 1125 3596 quum
1141 3513 1292 3596 Godfrey
1316 3515 1417 3584 anhe-

419 3617 473 3686 lus
497 3614 597 3686 rediit
621 3615 726 3684 oculis
753 3615 805 3685 irat
833 3614 1065 3697 flagrantibus.
1093 3615 1213 3696 operae
1228 3615 1414 3696 lavatrinae,

424 3716 518 3786 haud
533 3715 662 3799 ignarae
676 3722 837 3785 eventum
854 3716 999 3797 aliquem
1015 3721 1112 3783 extra
1137 3736 1251 3782 rerum
1266 3715 1420 3784 ordinem

419 3817 571 3887 tumultu
598 3815 789 3898 significari,
818 3837 897 3884 eum
926 3814 1237 3896 circumduxerunt,
1264 3814 1324 3883 sed
1346 3815 1416 3896 ipse

418 3917 511 3987 viam
536 3937 598 4000 per
623 3915 760 3988 turbam
789 3915 933 3998 aperuit,
960 3923 999 3984 ut
1025 3913 1069 3982 ad
1094 3915 1284 3983 institorem
1298 3937 1417 3998 perve-

419 4017 518 4088 niret.

501 4117 562 4188 “In
577 4116 829 4199 contignatione
844 4115 1007 4198 superiori
1033 4115 1142 4184 scelus
1166 4121 1218 4184 est
1244 4123 1416 4198 perpetra-

417 4225 494 4293 tum
508 4216 719 4304 infandum?
736 4215 864 4286 affatur
878 4237 967 4288 eum.
991 4214 1070 4286 “Vir
1084 4215 1138 4286 hic
1163 4215 1260 4289 iuxta
1282 4237 1337 4284 me
1358 4215 1415 4286 ad·
