3502 5158
598 885 720 940 omnr
741 886 888 942 onmnu
909 885 1075 942 consens
1294 873 1336 944 55

338 1052 433 1124 nium
447 1053 484 1123 in
498 1052 561 1124 hac
576 1051 677 1123 domo
702 1055 912 1126 famulorum
920 1055 958 1126 ?”
983 1055 1108 1140 quaerit
1130 1056 1174 1127 ab
1201 1077 1241 1127 eo
1264 1063 1341 1140 post

339 1155 446 1225 relata
459 1153 566 1224 finita

419 1252 589 1338 “Habeo’'
604 1255 712 1324 refert
726 1255 792 1339 iile,
808 1262 844 1326 et
858 1256 1037 1328 elenchum
1050 1256 1097 1328 illi
1112 1257 1262 1328 tradidit.

419 1371 560 1455 “Hem''
574 1378 706 1442 mussat
719 1372 791 1455 ipse
806 1372 946 1443 elencho
959 1373 1042 1444 viso.
1067 1371 1191 1458 “Quini
1206 1395 1338 1444 eorum·

337 1473 578 1559 Quidquamne
592 1471 654 1543 tibi
669 1472 712 1542 de
727 1472 768 1542 iis
782 1479 904 1543 notum
910 1475 946 1544 ?''

419 1571 485 1643 “lli
509 1572 623 1643 cuncti
645 1572 772 1643 multos
795 1595 903 1643 annos
925 1574 1017 1658 apud
1042 1575 1165 1644 herum
1188 1575 1338 1646 Vantine

336 1680 534 1758 exegenmt,
549 1672 596 1742 mi
606 1673 730 1756 Here,''
742 1674 915 1757 respondit
926 1674 1127 1745 Simmonds.
1139 1674 1337 1759 “Quantum

271 1779 276 1788 '
335 1775 418 1846 mihi
432 1779 578 1856 constat,
593 1795 711 1844 omnes
725 1781 807 1845 sunt
821 1773 907 1845 bene
929 1775 1084 1845 morati.''

418 1891 604 1975 “Quisnam
619 1912 739 1960 eorum
753 1891 882 1974 reperit
895 1891 1043 1963 cadaver
1056 1891 1205 1962 Vantine
1214 1892 1251 1962 ?”

418 1989 557 2073 “Parks,
572 1997 614 2061 ut
627 1992 743 2074 puto,''
758 1991 916 2075 respondi
932 2013 1014 2075 ego;
1051 1990 1177 2062 “etiam
1191 1992 1263 2077 ipse
1278 2015 1335 2065 me

335 2091 542 2162 accersivit.”

418 2190 553 2262 “Satius
567 2189 633 2261 erit
648 2211 729 2261 eum
742 2190 878 2275 citare‚”
893 2191 1007 2275 inquit
1032 2192 1157 2277 Grady‚
1181 2193 1263 2264 dum
1286 2193 1335 2264 in-

334 2299 428 2363 terea
441 2291 619 2362 elenchum
637 2291 800 2374 plicatum
814 2291 850 2360 in
866 2291 1035 2361 sacculum
1050 2292 1209 2363 condidit

417 2408 525 2479 Parks
549 2407 693 2478 intravit
720 2429 789 2478 non
812 2429 935 2492 parum
960 2408 1236 2493 haesitabundus;
1273 2411 1334 2481 sed

333 2508 576 2594 quaestionibus
598 2507 715 2592 Grady
736 2509 825 2579 clare
854 2515 890 2578 et
918 2509 1125 2592 compositus
1149 2511 1332 2593 respondit.

333 2611 486 2681 Primum
501 2630 580 2692 quae
595 2615 672 2692 post
685 2609 861 2679 meridiem
876 2615 1064 2679 evenerant
1077 2609 1242 2693 narmvit,
1254 2610 1333 2679 dein

332 2711 376 2780 ad
391 2716 538 2780 eventus
550 2709 764 2792 vespertinos
778 2709 985 2779 evolvendos
1000 2710 1160 2793 perrexit.

415 2824 551 2896 “Herus
564 2825 712 2896 Vantine
726 2847 860 2896 coenam
871 2823 962 2895 domi
977 2825 1132 2908 sumpsit,
1147 2826 1194 2895 mi
1210 2826 1332 2909 Here,”

331 2932 450 2999 narrat
464 2924 581 2996 Parks.
597 2923 653 2995 “Si
667 2931 759 2995 recte
772 2924 922 3007 memini,
946 2923 1146 3008 dapinatum
1172 2933 1225 2996 est
1248 2926 1333 2997 hora

331 3027 483 3111 septima.
521 3025 648 3095 Finivit
669 3026 782 3109 paullo
806 3032 884 3109 post
906 3025 1026 3095 horam
1051 3025 1231 3109 septimam
1251 3049 1331 3097 cum

332 3127 478 3197 dimidio.
501 3127 575 3209 Ego
590 3147 670 3196 eum
684 3147 754 3195 non
769 3125 850 3209 vidi,
865 3125 1026 3209 quoniam
1041 3125 1076 3195 in
1091 3125 1245 3196 cubiculo
1259 3127 1332 3196 eius

331 3249 425 3297 eram
439 3233 624 3310 occupatus
639 3247 694 3296 res
708 3225 831 3307 varias,
852 3226 906 3295 uti
929 3231 965 3295 et
986 3232 1101 3296 vestes
1126 3227 1200 3296 eius
1223 3226 1332 3310 dispo-

330 3327 452 3398 nendo.
474 3327 539 3397 Sed
554 3327 626 3410 ipse
641 3326 783 3397 iubebat
798 3325 928 3409 Rogers
941 3326 1003 3371 -”

415 3443 529 3514 “Nihil
544 3444 587 3514 ad
601 3451 637 3513 te
653 3443 735 3527 quid
761 3443 833 3526 ipse
856 3443 987 3526 Rogers
1011 3444 1188 3526 iusserat‚''
1214 3443 1331 3514 incidit

333 3545 457 3627 Grady.
479 3542 539 3615 “Id
555 3551 691 3614 tantum
706 3565 809 3613 narra
823 3543 914 3626 quod
930 3549 970 3612 tu
985 3543 1081 3612 scis.”

415 3661 548 3732 “Etiam
563 3661 660 3743 bene,
674 3661 721 3730 mi
736 3661 859 3743 Here‚”
874 3661 982 3730 refert
1007 3659 1115 3730 Parks
1140 3669 1329 3731 mansuete.

332 3761 505 3846 “Copiosis
519 3761 695 3832 detinebar
709 3760 851 3844 agendis
865 3797 907 3805 -
921 3760 1022 3843 quod,
1037 3767 1078 3829 ut
1093 3760 1167 3843 scis,
1193 3759 1266 3830 heri
1287 3784 1330 3830 ex

331 3863 469 3945 Europa
482 3861 669 3931 redivimus
682 3897 724 3906 -
738 3861 855 3944 itaque
869 3859 1097 3944 prosequebar
1110 3881 1197 3943 opus
1211 3882 1266 3930 res
1280 3883 1331 3930 re·

331 3961 506 4044 condendi,
536 3967 572 4030 et
587 3983 733 4045 quaeque
756 3961 800 4031 ad
824 3982 888 4031 sua
909 3961 981 4030 loca
995 3960 1203 4043 disponendi,
1223 3961 1329 4032 donec

329 4063 397 4134 iam
425 4068 583 4132 octavam
609 4083 689 4132 cum
719 4061 856 4132 dimidio
885 4059 1102 4144 praterivisse
1138 4060 1327 4145 oportebat,

330 4185 438 4248 quum
453 4162 584 4244 Rogers
598 4182 653 4231 me
667 4167 848 4232 vocantem
861 4159 989 4230 audivi.
1020 4159 1168 4229 Domum
1182 4159 1328 4244 flagrare
