3536 5156
791 912 890 968 mons
1276 899 1340 972 207

335 1081 370 1149 in
385 1088 558 1150 constrato
573 1081 739 1151 iacentem
763 1089 961 1151 convertere
984 1090 1107 1165 posset.
1130 1084 1340 1167 Quodgenus

335 1180 390 1249 ille
404 1181 599 1262 manipulus
615 1189 703 1250 esset
717 1180 961 1264 aliquantisper
976 1183 1128 1252 divinare
1144 1183 1337 1266 nequibam

337 1280 483 1362 denique
498 1280 603 1349 oculis
629 1280 738 1362 magis
761 1281 902 1350 intentis
926 1283 1037 1365 reperi
1061 1281 1096 1351 id
1121 1304 1244 1365 corpus
1265 1306 1338 1353 esse

337 1379 482 1448 hominis
497 1387 674 1462 tamquam
691 1380 726 1448 in
740 1381 870 1449 fascem
884 1382 1038 1451 involuti.

423 1497 470 1565 Ut
485 1518 567 1565 vero
582 1518 661 1565 eum
675 1495 845 1578 intuebar,
870 1498 1042 1580 fulgorem
1068 1500 1242 1568 oculorum
1267 1500 1338 1570 eius

338 1597 471 1679 percepi
487 1597 651 1665 intuentis
665 1597 836 1665 hominem
851 1597 910 1679 qui
937 1619 1024 1667 arcae
1046 1598 1259 1668 denudandae
1280 1600 1338 1669 da-

337 1697 397 1766 bat
411 1719 550 1779 operam
565 1697 800 1778 -fulgorem,
816 1698 874 1779 qui
889 1719 957 1766 non
973 1697 1123 1780 dignosci
1138 1699 1229 1769 haud
1244 1708 1338 1783 pote-

339 1804 442 1865 rat-
459 1797 554 1866 illum
570 1797 681 1879 ipsum
696 1797 878 1879 fulgorem,
896 1797 955 1879 qui
968 1819 1023 1867 me
1038 1797 1106 1867 iam
1120 1805 1221 1869 antea
1236 1804 1338 1871 semel

338 1904 553 1966 exterruerat
569 1950 576 1965 .
593 1950 601 1964 .
619 1950 626 1965 .

424 2013 574 2096 Godfrey
585 2035 640 2082 me
656 2035 760 2082 manu
784 2013 882 2082 firma
906 2015 1058 2098 revulsit,
1083 2037 1266 2100 meumque
1292 2020 1339 2088 lo-

338 2135 418 2182 cum
432 2113 569 2182 subivit.
592 2114 665 2196 Ego
680 2134 762 2182 vero
783 2135 838 2182 me
860 2114 903 2183 ad
927 2115 1057 2196 gradus
1080 2117 1200 2200 recepi,
1224 2119 1338 2200 ibique

337 2213 514 2282 considens
527 2214 678 2282 frontem
694 2234 837 2281 nervose
852 2213 1016 2295 tersitavi,
1032 2216 1233 2299 tentavique
1248 2219 1338 2300 cogi-

338 2320 411 2382 tare
438 2319 474 2382 et
498 2312 696 2395 intelligere.
720 2311 884 2391 Quisnam
912 2313 967 2382 ille
988 2313 1084 2383 fuit?
1117 2317 1207 2396 Quid
1228 2317 1273 2386 ibi
1295 2318 1339 2387 ad

338 2412 502 2494 parietem
517 2411 692 2494 agitabat?
714 2411 884 2492 Quidnam
899 2419 1012 2482 totum
1026 2412 1090 2483 hoc
1105 2418 1337 2497 spectaculum

338 2512 400 2582 sibi
414 2513 550 2582 volebat
566 2567 573 2581 .
591 2565 598 2581 .
615 2565 623 2581 .
640 2511 656 2581 i

422 2612 523 2681 Nunc
539 2611 620 2681 mihi
636 2634 693 2681 cor
716 2612 867 2695 prosilire
882 2633 921 2682 ac
936 2613 1049 2695 rumpi
1074 2614 1225 2699 parabat,
1247 2617 1338 2699 quod

229 2729 232 2736 ’
339 2711 491 2794 Godfrey
505 2719 582 2782 cato
596 2713 752 2795 prorupit
765 2713 898 2795 vagitu,
912 2711 1019 2782 “Siste
1032 2713 1060 2781 !''
1076 2722 1180 2796 atque
1195 2716 1230 2784 in
1245 2717 1338 2787 cubi-

338 2813 454 2882 culum
468 2813 577 2894 irruit,
591 2812 781 2882 Simmonds
795 2813 1005 2895 insequente.

422 2911 509 2993 Duc,
525 2919 565 2981 ut
590 2911 754 2995 existimo,
778 2912 911 2981 minuta
933 2913 1046 2994 elapsa
1075 2921 1157 2983 sunt
1180 2917 1339 2986 secunda¹

339 3019 523 3094 antequam
539 3033 603 3094 ego
618 3012 720 3081 limen
742 3012 852 3094 attigi,
878 3019 913 3081 et
939 3012 1003 3081 illic
1027 3014 1163 3083 constiti
1187 3023 1339 3100 stupens,

339 3111 571 3193 parietemque
586 3118 628 3181 ut
642 3133 696 3180 me
713 3112 916 3181 sustinerem
931 3118 1127 3182 attrectans.

422 3210 659 3294 Spectaculum
681 3211 743 3280 hoc
758 3211 807 3280 ita
821 3210 857 3279 in
872 3212 1035 3280 memoria
1055 3213 1139 3282 mihi
1164 3215 1337 3298 depictum

339 3317 400 3392 est,
416 3318 457 3379 ut
472 3311 515 3379 ad
530 3332 572 3379 ea
585 3317 709 3380 cuncta
724 3311 914 3380 revocanda
927 3312 1042 3382 oculos
1066 3314 1165 3382 modo
1180 3316 1338 3386 claudere

340 3410 422 3479 satis
436 3410 490 3479 sit.

440 3613 462 3664 1.
481 3609 633 3662 Minutam
648 3609 820 3664 secundum:
835 3628 868 3664 ex
892 3629 945 3678 quo
967 3613 1108 3680 horologia
1132 3615 1292 3668 mechanica
1310 3618 1339 3669 in

340 3711 419 3748 usum
431 3701 575 3755 venerunt,
591 3695 742 3746 astronomi
755 3695 851 3747 horam
863 3697 891 3747 iu
904 3695 1030 3760 minuto,
1052 3698 1188 3750 minutum
1214 3700 1338 3762 (subaudi

340 3777 468 3844 tompus)
480 3779 508 3830 in
521 3777 639 3829 minuto
653 3775 782 3830 secunda
795 3779 1017 3844 dispertiverunt.
1034 3781 1169 3833 Minutum
1183 3782 1275 3848 itaque
1289 3784 1343 3848 pri.

340 3877 379 3922 us,
393 3861 420 3914 h.
441 3877 464 3913 e.
482 3861 679 3926 sexagesimam
697 3861 770 3914 horae
792 3868 904 3927 partem,
924 3862 1073 3915 minatum
1091 3862 1234 3929 primum,
1258 3865 1340 3920 huius

338 3951 430 3997 nutem
455 3949 559 4009 partem
584 3945 779 4010 sexagesimam
792 3944 941 3996 minutum
954 3944 1124 4008 secundum,
1145 3947 1190 3999 vel
1211 3963 1266 4000 uno
1284 3965 1341 4001 ver-

339 4028 381 4088 bo,
394 4025 556 4079 secundum
568 4027 750 4093 appellarunt.
762 4028 890 4080 Romanis
903 4028 973 4080 nihil
984 4029 1079 4081 horum
1093 4035 1197 4092 notum,
1215 4031 1340 4084 brevissi-

337 4127 412 4162 mum
424 4116 452 4163 et
463 4111 599 4163 incertum
610 4117 717 4176 tempus
731 4111 782 4176 ipsi
800 4115 980 4163 amulanium
999 4111 1088 4178 (quasi
1111 4112 1336 4181 awarivwntum)

337 4194 477 4264 temporis,
491 4195 566 4255 item,
579 4197 724 4264 punctum
737 4194 888 4265 temporis,
904 4196 988 4249 ictum
1002 4196 1081 4257 oculi,
1096 4198 1262 4252 vocitarunt.
