3536 5156
480 930 646 987 conrnsr
661 931 835 986 rmumn
851 931 1033 986 ronncnu
1048 933 1154 987 rrum
1257 919 1320 988 223

403 1099 547 1170 “Nonne
561 1102 803 1171 munusculum
815 1101 1218 1183 sumptuosum?”timide
1228 1123 1321 1185 quae·

319 1223 368 1282 ro,
383 1200 474 1283 quod
490 1207 592 1284 caput
607 1223 721 1270 meum
736 1201 861 1270 iterum
877 1223 1000 1283 gyrare
1015 1201 1126 1284 coepit

404 1316 465 1399 “A,
481 1317 514 1387 id
530 1340 598 1387 non
614 1318 764 1387 muneris
784 1318 856 1387 loco
877 1317 1077 1387 habebatur.
1110 1318 1264 1401 Emptori
1285 1319 1319 1388 in

320 1419 433 1486 animo
448 1425 521 1487 erat
536 1439 611 1486 eam
626 1418 687 1487 sibi
713 1417 884 1487 vindicare
909 1453 949 1462 -
976 1416 1034 1488 sed
1056 1439 1148 1487 mors
1172 1418 1320 1489 Vantine

321 1539 400 1587 eum
415 1518 548 1587 fefellit.
570 1517 605 1588 Si
620 1519 654 1587 id
669 1539 736 1587 non
751 1517 925 1587 accidisset
952 1554 994 1563 -
1020 1539 1099 1600 quae
1122 1519 1211 1588 enim
1237 1519 1320 1588 acci-

322 1617 419 1699 dunt,
434 1639 534 1686 nemo
549 1618 732 1700 praesagire
747 1624 862 1700 potest
884 1653 924 1662 —
946 1617 1058 1686 omnia
1082 1640 1125 1686 ex
1150 1619 1319 1687 sententia

321 1717 523 1800 evenissent,
548 1739 610 1787 nec
637 1717 816 1800 quisquam
853 1739 1005 1800 unquam
1042 1739 1162 1787 verum
1186 1740 1319 1802 compe-

322 1817 450 1886 risset.'’

405 1933 473 2004 “At
487 1957 634 2017 quonam
649 1935 786 2006 consilio
799 1935 834 2005 id
848 1935 940 2018 egit?
955 1936 1054 2004 Anne
1065 1935 1252 2018 portorium
1264 1957 1322 2005 vo·

323 2034 386 2103 luit
402 2035 532 2104 evitare
540 2035 577 2104 ?”

406 2151 487 2235 “Va,
502 2153 585 2221 nihil
601 2160 672 2222 tam
687 2151 820 2234 exigui!
842 2151 1012 2222 Praeterea
1036 2153 1107 2235 ipse
1133 2155 1320 2236 portorium

322 2251 469 2321 Vantine
486 2253 670 2336 rependere
686 2252 867 2322 debuisset.
889 2252 1008 2321 Tibine
1024 2252 1058 2322 id
1073 2255 1269 2335 rependit?”

407 2368 597 2450 “Minime'’
612 2370 761 2451 inquam.
795 2368 908 2438 “Nihil
934 2370 1025 2452 quod
1046 2371 1254 2452 rependatur
1268 2395 1324 2442 su·

322 2491 456 2552 peresse
471 2470 601 2552 putavi.
616 2469 764 2538 Vantine
780 2492 900 2539 revera
925 2469 1114 2553 portorium
1140 2471 1183 2540 ob
1206 2493 1321 2542 arcam

322 2569 382 2638 abs
397 2593 432 2640 se
446 2578 597 2653 emptam
612 2571 732 2650 solvit;
755 2571 921 2652 siquidem
936 2593 977 2638 ea
990 2570 1060 2640 fuit
1075 2593 1179 2653 quam
1194 2573 1322 2655 profes·

322 2672 382 2740 siol
399 2693 462 2739 sua
477 2670 681 2740 ostenderat.
705 2671 762 2740 llle
778 2671 864 2740 alius
887 2671 1031 2741 debebat
1055 2672 1185 2740 solvere
1211 2680 1324 2755 porto·

323 2771 411 2840 rium
427 2771 469 2839 ob
484 2793 559 2840 eam
576 2792 680 2853 quam
693 2771 881 2852 invexerat,
896 2771 1036 2852 proinde
1051 2772 1134 2840 nihil
1145 2773 1255 2855 reperi
1266 2795 1323 2842 ve·

323 2872 386 2940 luti
402 2870 492 2953 quod
508 2871 721 2940 substantiae
743 2871 891 2940 Vantine
921 2871 964 2939 ab
988 2871 1101 2954 aliquo
1131 2870 1323 2942 deberetur.

323 2973 441 3041 Potest
455 2971 590 3040 interim
606 2971 725 3040 aerario
750 2971 877 3053 aliquid
899 2971 1022 3053 deberi,
1049 2972 1322 3055 quandoquidem

323 3094 411 3152 arca,
427 3093 530 3154 quam
546 3072 693 3142 Vantine
709 3071 953 3154 importaverat
974 3072 1082 3141 multo
1096 3073 1173 3154 plus
1187 3072 1324 3144 valebat

324 3193 427 3255 quam
443 3172 534 3255 quod
551 3172 714 3255 professio
729 3193 790 3240 sua
805 3171 1015 3241 exhibebat.”

425 3392 448 3442 1.
461 3387 620 3454 Professio,
635 3387 703 3450 mis,
719 3389 814 3454 lingue
827 3389 958 3454 negotiali
972 3395 1054 3456 atque
1066 3389 1180 3442 iuridica
1192 3391 1325 3443 Romano·

324 3489 382 3524 rum
398 3473 536 3538 significat
548 3473 669 3524 rationes
682 3473 807 3532 redditas,
820 3489 888 3538 quas
911 3478 1059 3538 quaestores
1072 3479 1099 3524 et
1112 3473 1250 3538 publicani
1262 3490 1278 3525 a
1290 3475 1326 3526 ci-

324 3557 406 3609 vibus
417 3562 567 3620 exegerunt
592 3556 650 3608 sive
673 3556 828 3608 occassione
855 3557 952 3607 census
975 3555 1084 3621 publici,
1103 3557 1161 3608 sive
1175 3557 1325 3621 pendendis

324 3640 436 3692 tributis
449 3656 479 3691 uc
494 3639 683 3704 vectigalibus,
695 3645 776 3705 atque
790 3640 924 3704 portoriis.
942 3637 1146 3703 Profiteodum
1160 3655 1256 3704 nempe
1269 3640 1325 3692 civi

324 3724 422 3790 cuique
435 3729 493 3775 erat
504 3729 571 3789 quot
585 3724 678 3788 iugera
692 3737 825 3788 agrorum,
838 3723 987 3782 vinearum,
1001 3721 1120 3782 haberet,
1134 3728 1266 3788 quantum
1279 3739 1326 3776 an-

327 3824 414 3868 nonae,
428 3813 576 3872 proventus
589 3805 743 3866 cuiuslibet,
756 3812 889 3871 quantum
916 3805 1038 3870 pecuniae
1050 3806 1208 3870 possideret,
1221 3812 1269 3858 aut
1282 3822 1326 3858 ve-

325 3907 355 3944 ro
368 3891 433 3956 quid
445 3897 472 3942 et
484 3897 587 3956 quanto
599 3890 693 3942 valore
703 3889 871 3954 importaret.
882 3889 1038 3954 Responsio,
1051 3889 1109 3941 sive
1121 3889 1205 3942 fassio
1218 3889 1252 3942 ad
1265 3889 1323 3942 haec

325 3976 440 4042 quaesita
452 3979 511 4026 erat
522 3972 675 4041 professio.

426 4061 449 4110 2.
468 4056 650 4118 Substantia,
667 4071 711 4118 -ω,
726 4063 768 4109 est
781 4073 885 4108 summa
903 4057 1024 4108 omnium
1046 4055 1176 4122 cuiusque
1193 4057 1262 4110 ciris
1282 4057 1326 4110 bo·

326 4159 430 4203 norum,
442 4149 498 4194 tam
514 4141 694 4193 immobilium
705 4157 787 4206 quam
801 4140 950 4202 mobilium,
973 4140 1032 4192 sive
1043 4139 1124 4192 vivus
1135 4157 1167 4192 ea
1180 4139 1324 4207 possideat,

324 4229 383 4282 sive
396 4231 518 4280 mortuus
531 4225 678 4290 relinquat.
