3536 5156
486 927 653 986 coornat
667 927 842 985 nraumu
857 925 1038 985 roscreen
1051 927 1157 984 rum
1261 907 1323 980 231

324 1096 415 1168 mine
429 1097 576 1170 credere.
598 1095 726 1170 “Novit
740 1097 887 1170 fortasse
907 1119 969 1182 per
991 1103 1104 1168 totum
1129 1095 1164 1167 id
1188 1102 1325 1179 tempus

322 1218 385 1268 nos
399 1196 548 1269 adessc.”

407 1296 558 1370 “Praeter
572 1319 673 1369 omne
687 1298 860 1382 dubium‚”
875 1296 1061 1369 assentitur
1071 1295 1223 1380 Godirey
1233 1316 1325 1366 ama·

323 1419 370 1469 re.
393 1395 527 1480 “Quare
543 1399 690 1482 alioquin
705 1420 798 1470 serra
813 1399 961 1469 recidiva
981 1399 1017 1468 in
1040 1398 1144 1468 ianua
1158 1404 1248 1468 esset
1268 1417 1325 1466 ex·

322 1500 452 1570 terius?
486 1501 598 1580 Quam
622 1521 679 1570 me
703 1499 812 1584 pudet
835 1499 900 1570 hoc
923 1520 979 1569 me
1003 1519 1072 1569 non
1095 1495 1324 1582 perspexisset
1378 1537 1381 1549 ·

322 1600 389 1681 Qui
403 1605 558 1683 poteram
572 1606 644 1669 tam
660 1601 789 1670 stultus
802 1599 885 1669 mihi
901 1620 980 1668 eum
995 1599 1031 1668 in
1052 1597 1118 1668 viis
1140 1597 1215 1668 Neo
1237 1596 1324 1666 Ebo-

321 1700 400 1781 roci,
415 1720 451 1769 se
464 1699 594 1782 ignaro,
607 1699 764 1770 insectari
779 1721 876 1783 posse
891 1697 1117 1782 persuadere?
1146 1697 1222 1780 Ipse
1244 1695 1323 1766 inde

321 1799 365 1869 ab
379 1799 476 1869 initio
488 1799 586 1870 novit
597 1799 758 1870 futurum
772 1805 814 1869 ut
828 1820 891 1870 nos
911 1820 991 1869 eum
1013 1797 1213 1869 insectaturi
1236 1817 1324 1867 esse·

321 1920 401 1970 mus
414 1920 483 1968 non
498 1899 705 1982 imparatum
715 1898 744 1969 !”

405 1996 475 2069 “At
488 1999 562 2069 haec
576 1999 783 2070 incredibilia
803 1997 1005 2069 uidenturN
1027 1997 1146 2068 timide
1172 1997 1324 2068 obtestor

321 2121 396 2182 ego.
418 2097 557 2170 “Fidem
572 2121 711 2182 prorsus
732 2100 865 2170 excedit
875 2099 904 2168 !''

404 2197 518 2268 “Nihil
533 2199 564 2269 ei
578 2199 675 2270 factu
690 2198 884 2270 incredibile
907 2198 950 2270 de
973 2221 1014 2270 eo
1035 2196 1283 2269 existimaveris
1291 2196 1321 2266 l”

403 2298 491 2371 “Sed
505 2299 699 2370 discrimina
714 2305 893 2383 -reputa
907 2300 1009 2370 modo
1024 2298 1219 2369 discrimina
1242 2319 1321 2382 quae

320 2401 349 2471 is
363 2399 583 2471 incurreret.”

404 2498 515 2581 “Quid
530 2499 602 2583 ipse
617 2499 811 2571 discrimina
824 2501 948 2571 curat?
971 2500 1004 2570 Is
1019 2521 1060 2570 ea
1074 2497 1263 2570 contemnit
1278 2533 1319 2544 —

318 2607 354 2672 et
368 2599 467 2672 iuste.
488 2599 611 2671 Nonne
626 2599 791 2684 effugitt’

402 2699 568 2782 “Etiam''
583 2721 708 2784 annuo,
724 2699 884 2784 “pulchre
900 2699 1025 2784 effugit
1046 2706 1171 2784 praeter
1185 2698 1320 2770 dubita·

319 2801 480 2872 tionem.”

402 2899 515 2983 “Ergo
529 2901 603 2972 haec
617 2907 671 2971 est
684 2900 784 2971 istius
805 2899 1045 2985 pomeridianae
1067 2899 1245 2984 tragoediae
1271 2899 1320 2970 hi·

318 3000 433 3084 storia,
449 3006 490 3072 ut
505 3022 570 3084 ego
586 2999 724 3085 quidem
748 3000 899 3085 opinor,'’
925 2999 1144 3085 prosequitur
1168 2999 1320 3083 Godfrey

318 3101 427 3186 magis
441 3100 655 3184 compositus.
672 3099 794 3171 “Nunc
809 3108 926 3171 autem
940 3098 1019 3171 hinc
1031 3121 1086 3170 me
1101 3099 1267 3184 auferam,
1278 3107 1320 3171 ut

317 3223 373 3272 res
386 3209 426 3272 tu
441 3207 556 3272 tecum
571 3207 731 3285 reputare
754 3201 870 3286 possis.
902 3200 936 3272 Si
963 3200 1092 3272 eaedem
1116 3199 1179 3271 sibi
1203 3200 1319 3271 minus

317 3301 513 3384 consistant,
526 3323 582 3372 me
597 3301 741 3372 docebis.
763 3303 810 3372 At
823 3323 906 3372 vero
919 3300 981 3372 sibi
996 3301 1182 3372 consistent
1206 3335 1248 3348 -
1267 3299 1317 3370 ita

318 3400 444 3472 debent
457 3437 499 3448 -··
514 3408 595 3472 sunt
610 3401 700 3471 enim
716 3401 845 3473 verael”

400 3499 486 3572 “Sed
501 3501 583 3586 quid
594 3501 636 3572 de
647 3501 841 3572 Amandr’
856 3501 1009 3572 obtestor
1019 3522 1093 3585 ego.
1115 3496 1315 3584 “Numquid

314 3621 436 3686 capere
449 3622 530 3672 eum
544 3623 613 3672 non
626 3600 796 3673 tentabis?
816 3601 915 3671 Anne
929 3623 1009 3673 eum
1023 3601 1171 3672 evadere
1184 3600 1315 3672 sines?'’

399 3700 497 3785 “Ipse
511 3723 595 3772 vero
608 3723 677 3771 non
692 3701 816 3773 evadet
826 3701 856 3771 !”
877 3702 927 3772 ait
951 3701 1103 3784 Godrrey
1127 3701 1232 3772 oculis
1255 3700 1316 3771 ite-

315 3823 393 3872 rum
407 3801 639 3872 emicantibus.
662 3800 775 3872 “Nihil
796 3801 964 3886 oportebit
979 3822 1041 3872 nos
1055 3823 1135 3871 eum
1151 3822 1314 3884 quaerere;

314 3901 480 3972 habemus
494 3902 585 3972 enim
599 3900 805 3972 tendiculam
819 3908 980 3983 nostrarn,
992 3901 1120 3983 Lester,
1131 3900 1229 3970 cuius
1239 3921 1315 3970 esca

314 4001 392 4072 talis
406 4007 468 4083 est,
483 4007 524 4071 ut
539 4001 570 4070 ei
585 4001 741 4071 resistere
755 4007 905 4084 nequeat
919 4036 961 4046 —
976 4021 1089 4070 arcam
1105 3999 1211 4070 Boule
1220 3998 1251 4068 1¹⁹

398 4098 466 4169 “At
479 4099 551 4184 ipse
565 4101 662 4171 novit
675 4099 881 4171 tendiculam
896 4122 971 4171 eam
987 4101 1089 4170 esse.”

398 4199 516 4286 “Sane,
531 4223 635 4286 quarn
649 4201 794 4273 maxime
804 4200 833 4272 l'’
