3500 5158
569 909 685 966 rurus
705 909 894 965 nmunns
913 909 1071 966 uisurus
1258 894 1322 966 299

320 1075 469 1147 Ultimus
483 1075 647 1147 dramatis
662 1083 761 1146 actus
774 1098 885 1161 usque
900 1075 1053 1148 edendus
1067 1084 1153 1160 erat,
1168 1077 1220 1148 uti
1236 1076 1323 1148 God-

317 1177 397 1260 frey
421 1176 565 1260 dixerat,
591 1177 650 1260 qui
675 1183 710 1246 et
734 1176 894 1247 bombam
919 1177 1125 1248 memoravit
1145 1213 1186 1223 -
1202 1184 1237 1247 et
1251 1198 1322 1247 ma·

317 1297 423 1360 gnam
436 1275 592 1360 quidem!
607 1277 755 1347 Mirabar
770 1276 852 1361 quid
866 1276 900 1347 id
914 1277 1076 1347 futurum
1089 1283 1188 1348 esset
1204 1277 1322 1348 Unum

318 1384 452 1447 certum
467 1397 541 1447 esse
554 1375 647 1447 scivi:
663 1379 691 1446 si
707 1376 858 1460 Godfrey
872 1375 907 1446 id
922 1377 1101 1460 apparavit
1110 1378 1320 1462 stupendum

319 1475 353 1545 id
369 1497 443 1546 esse
457 1477 628 1546 futurum.
1100 1469 1114 1490 '

403 1609 586 1694 Complura
611 1617 709 1680 erant
735 1609 824 1680 inter
848 1631 994 1682 munera
1018 1632 1096 1681 mea
1110 1632 1189 1695 quae
1203 1633 1322 1682 curam

319 1730 432 1780 meam
447 1710 687 1794 efflagitarent,
702 1731 768 1794 ego
783 1718 900 1781 autem
914 1713 1014 1782 tanta
1028 1711 1237 1783 adveneram
1251 1733 1323 1782 mo

319 1832 368 1894 ra,
384 1811 548 1895 horaeque
562 1811 744 1880 matutinae
759 1817 830 1880 tam
846 1811 913 1881 cito
927 1810 1141 1895 labebantur,
1157 1820 1197 1883 ut
1212 1834 1320 1896 quum

319 1911 524 1981 ministellus
547 1910 723 1993 ingressus
746 1911 848 1981 heros
873 1910 988 1994 Grady
1014 1918 1051 1982 et
1075 1909 1268 1983 Simmonds
1288 1913 1324 1982 in

320 2011 407 2082 atrio
422 2011 540 2082 adesse
553 2032 676 2095 meque
689 2011 870 2082 convenire
884 2012 971 2081 velle
986 2011 1188 2096 nuntiasset,
1203 2035 1323 2083 eorum

320 2111 510 2182 adventum
540 2132 620 2180 cum
648 2110 802 2180 adventu
833 2119 1028 2194 exspectato
1058 2112 1210 2205 Godfrey
1239 2113 1324 2183 nihil

319 2232 500 2282 commune
514 2210 641 2280 habere
655 2218 823 2293 putarem.
847 2211 939 2280 Tum
962 2211 1174 2295 horologium
1199 2213 1324 2296 aspicio

319 2311 490 2395 videoque
505 2310 658 2394 quinque
671 2316 810 2379 tantum
824 2310 958 2380 minuta
983 2317 1064 2381 ante
1088 2311 1323 2381 duodecimam

320 2431 508 2494 superesse,
524 2417 559 2480 et
573 2417 658 2480 tunc
672 2409 811 2480 demum
825 2409 975 2480 intellexi
990 2419 1148 2480 auctores
1162 2411 1326 2482 dramatis

321 2510 532 2594 congregari.

404 2625 589 2697 “Introduc
604 2626 692 2708 eos,''
708 2625 761 2695 aio
775 2647 901 2709 puero;
923 2625 970 2695 illi
994 2648 1074 2696 mox
1094 2627 1324 2698 intraverunt.

405 2743 523 2826 Grady
552 2742 738 2813 admodum
767 2742 950 2811 videbatur
985 2764 1059 2812 esse
1087 2743 1322 2826 perturbatus.

321 2845 448 2916 Vultus
463 2843 537 2913 eius
551 2843 752 2926 plerumque
766 2841 906 2912 floridus
919 2842 1019 2912 modo
1035 2843 1181 2926 pallebat
1195 2845 1325 2927 pendu-

320 2945 384 3027 lus,
400 2963 500 3028 genae
514 2943 607 3014 foede
623 2943 772 3026 sulcatae,
798 2944 887 3012 cutis
901 2943 966 3012 sub
981 2942 1086 3013 oculis
1101 2951 1225 3027 rugata
1239 2952 1324 3028 erat,

321 3044 410 3114 oculi
435 3049 553 3113 autem
579 3043 642 3125 ipsi
665 3041 832 3125 sanguine
857 3041 990 3112 suffusi.
1020 3042 1072 3112 Ex
1095 3051 1235 3126 aspectu
1251 3045 1325 3114 eius

322 3141 522 3226 colligebam
537 3163 618 3211 eum
633 3163 750 3211 somno
765 3141 931 3223 caruisse;
954 3148 1064 3212 totam
1086 3150 1222 3212 noctem
1245 3145 1325 3214 Cro-

321 3242 428 3313 chard
443 3241 655 3326 quaesitando
670 3241 823 3325 exegisse
837 3277 879 3287 -
893 3249 930 3312 et
944 3245 1028 3312 satis
1043 3243 1173 3313 clarum
1188 3251 1263 3314 erat
1276 3250 1327 3314 to·

323 3349 399 3412 turn
415 3341 566 3412 laborem
577 3341 612 3410 in
623 3363 758 3410 cassum
766 3342 885 3411 fuisse.
900 3341 1092 3412 Simmonds
1106 3365 1243 3427 quoque
1252 3345 1326 3414 iere

322 3443 502 3514 confectus
516 3463 589 3510 esse
604 3439 796 3524 videbatur,
822 3463 885 3512 nec
910 3440 1054 3512 dubium
1080 3442 1163 3526 quin
1188 3465 1324 3516 omnem

322 3541 447 3614 veneni
462 3539 580 3611 olfacti
594 3561 718 3610 noxam
733 3541 880 3611 necdum
894 3542 1032 3624 penitus
1046 3543 1216 3613 eluctatus
1229 3543 1284 3614 sit

407 3658 570 3731 “Gaudeo
595 3665 631 3728 te
655 3659 777 3729 melius
805 3659 940 3743 habere,
969 3658 1191 3743 Simmonds,”
1219 3684 1326 3732 manu

322 3767 486 3932 molesta
500 3779 592 3889 „eum
621 3759 784 3842 alloquor.
821 3758 965 3830 “Nonne
995 3758 1116 3830 ‘facilis
1143 3761 1327 3834 descensus

407 3975 558 4047 “Verum
573 3975 771 4057 memoras,”
788 3975 910 4059 probat
930 3973 1122 4046 Simmonds
1147 3977 1182 4046 in
1208 3980 1325 4050 sellam

324 4101 360 4150 se
375 4075 569 4148 demittens.
582 4073 755 4144 “Paucillo
770 4075 847 4158 plus
861 4076 936 4145 eius
949 4076 998 4144 rei
1009 4077 1178 4146 effecisset
1188 4086 1229 4148 ut
1239 4101 1327 4150 nun·

324 4200 429 4265 quam
444 4174 728 4259 expergiscerer.”
