3554 5156
866 1893 1017 1964 CAPUT
1038 1893 1085 1961 IX

692 2067 730 2134 H
730 2065 957 2134 ariolatiooes
970 2063 1066 2130 circa
1080 2061 1261 2142 AEatpmo.

559 2231 775 2301 AMBVLATIO
797 2253 934 2300 sursum
950 2249 1088 2299 versum
1103 2227 1184 2297 mihi
1199 2225 1339 2311 profuit.
1355 2223 1476 2294 Pluvia

477 2331 545 2400 iam
562 2332 716 2414 cessavit,
733 2339 836 2414 atque
857 2351 942 2400 aura
957 2330 1005 2399 ita
1019 2349 1138 2397 sensus
1159 2326 1326 2396 afficiebat
1351 2325 1419 2394 acsi
1440 2325 1475 2392 in

477 2439 646 2501 recentem
661 2454 816 2515 saporem
824 2451 1020 2514 purumque
1031 2429 1169 2497 odorem
1181 2427 1303 2496 fuisset
1314 2425 1474 2496 elutrital

475 2533 619 2615 Magnos
640 2532 714 2602 eius
740 2532 885 2602 haustus
899 2529 1072 2613 respiravi,
1097 2528 1189 2598 unde
1210 2547 1330 2596 seusus
1352 2524 1475 2607 fatigii,

475 2653 653 2716 pressurae,
675 2633 870 2715 viriumque
892 2632 1032 2700 iacturae
1058 2628 1266 2712 pedetentim
1294 2625 1476 2708 dissipatus

475 2739 537 2800 est.
559 2733 652 2802 Nihil
667 2733 846 2817 properavi
861 2767 903 2776 -
927 2731 1008 2814 quin
1032 2729 1135 2799 etiam
1158 2729 1200 2797 de
1222 2726 1342 2796 itinere
1364 2725 1474 2794 mein

476 2833 669 2916 Compitum
684 2833 836 2902 Madison
858 2833 992 2913 diverti,
1007 2837 1043 2901 et
1057 2833 1092 2900 in
1108 2831 1232 2900 molem
1255 2826 1388 2897 aedificii
1404 2828 1476 2897 Lae·

475 2934 636 3015 vigatorii
660 2933 769 3001 Ferri²
791 2934 935 3016 respexi,
959 2931 1049 3015 quod
1073 2931 1177 3000 radiis
1199 2928 1290 2997 lunae
1304 2928 1475 2998 collustra-

474 3039 549 3103 tum
567 3035 714 3116 speciem
728 3033 840 3103 eboris
855 3035 932 3102 caesi
950 3032 1122 3102 referebat
1137 3031 1287 3101 albicans
1305 3038 1341 3101 et
1349 3052 1475 3113 purum

474 3169 516 3177 -
530 3140 635 3215 atque
649 3134 760 3203 media
773 3135 921 3203 noxiam
935 3134 1067 3215 pridem
1082 3132 1274 3214 praeterivit
1288 3153 1395 3215 quum
1410 3152 1474 3212 ego

475 3232 517 3302 ad
532 3233 768 3303 Marathonem
784 3235 937 3316 perveni.
959 3233 1109 3316 Higgins
1123 3234 1284 3301 ostiarius
1307 3233 1376 3300 iam
1398 3231 1476 3300 osti-

475 3355 534 3403 um
556 3335 708 3404 exterius
729 3355 805 3404 sera
827 3333 1003 3406 occludere
1027 3333 1180 3416 parabat,
1204 3354 1244 3401 ac
1266 3337 1342 3415 post
1366 3352 1475 3414 pauca

474 3435 609 3504 minuta
623 3456 677 3504 me
692 3435 726 3505 in
743 3435 912 3504 tollenone
927 3435 1099 3504 convenit.

575 3620 599 3671 1.
620 3619 732 3672 Lavata.

573 3706 598 3754 2.
615 3701 745 3754 Ferrum
757 3701 973 3768 laevipatoraum
984 3717 1114 3755 vocamus
1139 3702 1308 3768 triquetram.
1328 3699 1373 3752 vel
1392 3698 1476 3752 trian-

474 3786 569 3852 gulum
582 3786 700 3838 ferreum
712 3787 836 3847 solidum,
849 3803 902 3852 quo
916 3785 1026 3839 latrices
1047 3801 1080 3837 ac
1101 3784 1251 3850 vestiplicae
1275 3783 1363 3836 lineas
1385 3787 1475 3835 vestes

475 3871 570 3930 elutas,
584 3871 674 3934 amylo
686 3869 795 3931 tinctas,
810 3885 957 3936 parumque
970 3885 1048 3935 aqua,
1062 3885 1097 3920 ne
1107 3867 1189 3920 nimis
1201 3868 1297 3932 rigidae
1306 3870 1404 3927 essent,
1414 3883 1476 3918 con-

475 3969 586 4018 spersas,
600 3953 634 4005 ad
647 3954 823 4006 ustulandum
837 3953 933 4014 calido,
947 3954 1062 4018 planant
1073 3968 1104 4004 ac
1120 3949 1264 4016 laet’ipunt.
1279 3951 1329 4004 Est
1340 3950 1397 4002 Neo
1409 3949 1476 4001 Ebo

474 4038 531 4090 roci
549 4037 578 4089 in
596 4037 722 4103 compit0,
739 4037 787 4090 ubi
799 4037 851 4090 Via
863 4037 958 4090 Tertia
971 4043 999 4088 et
1012 4035 1152 4102 vigesima
1163 4035 1286 4088 Plateam
1299 4034 1429 4096 Quintam
1447 4038 1475 4084 et

474 4121 645 4174 Lutamviam
656 4121 812 4182 intersecat,
825 4137 856 4173 ac
869 4135 917 4186 per
935 4121 1032 4182 iocum,
1045 4119 1080 4173 ob
1091 4135 1190 4185 vagam
1208 4117 1423 4178 similitudinem,
1442 4132 1474 4168 eo

474 4205 585 4259 nomine
598 4205 743 4258 vocitatur.
