3536 5156
595 904 1069 960 uoosrnnmsammuun
1273 887 1335 958 189

420 1071 519 1156 “Ipsa
533 1095 602 1142 non
617 1073 717 1142 modo
732 1072 767 1142 id
780 1074 874 1142 fassa
888 1073 972 1156 est,'’
986 1072 1094 1142 refert
1109 1070 1261 1156 Godfrey
1285 1079 1335 1141 et-

337 1175 405 1243 iam
420 1172 529 1256 magis
553 1174 768 1256 compositus,
795 1172 939 1243 “verum
967 1182 1003 1242 et
1027 1172 1162 1256 singula
1186 1172 1340 1242 narravit

336 1274 419 1357 quid
436 1296 476 1343 eo
492 1282 644 1356 tempore
660 1282 798 1356 gestum
813 1274 968 1343 fuisset.’'

420 1390 557 1461 “Fassio
571 1391 636 1460 ista
651 1390 771 1475 utique
787 1390 849 1460 tibi
864 1391 924 1461 soli
939 1391 1034 1460 facta
1049 1389 1146 1460 estP’
1160 1412 1244 1461 voce
1259 1411 1337 1460 con-

335 1493 425 1561 sulto
439 1490 623 1560 ludibriosa
639 1491 762 1574 quaerit
784 1491 1003 1574 Goldberger.

419 1592 570 1674 Godfrey
586 1591 699 1661 verbis
707 1591 760 1659 his
774 1591 988 1675 aliquantum
1000 1590 1211 1674 rubescebat,
1222 1599 1339 1662 tamen

344 1691 448 1775 probe
464 1691 526 1760 sibi
541 1691 756 1773 temperavit.

421 1806 581 1877 “Minime
596 1807 710 1890 vero,'’
740 1807 860 1889 inquit.
883 1806 1026 1877 “Coram
1040 1808 1123 1876 hero
1139 1807 1268 1891 Lester‚
1283 1815 1334 1879 at·

338 1930 405 1989 que
420 1907 485 1976 alio
500 1907 671 1990 spectabili
688 1906 879 1990 iurisperito
895 1907 928 1977 id
943 1907 1067 1990 evenit,
1093 1907 1192 1977 cuius
1210 1930 1334 1978 nomen

345 2009 525 2077 enuntiare
540 2008 595 2076 fas
609 2007 692 2076 mihi
708 2028 776 2076 non
791 2007 875 2076 est.”

424 2106 632 2190 Goldberger
657 2106 721 2176 sibi
746 2106 873 2190 aliquid
898 2106 933 2176 in
958 2107 1059 2176 fauce
1081 2107 1210 2177 haerere
1226 2109 1340 2193 sensit,

345 2207 412 2277 acsi
436 2208 569 2291 alapam
594 2207 785 2290 accepisset.
812 2207 912 2277 Certe
941 2207 1086 2290 idgenus
1116 2209 1197 2292 quid
1227 2211 1341 2292 sensit,

342 2329 404 2378 nec
425 2329 575 2377 asserere
591 2307 709 2376 dubito
724 2307 798 2376 iure
813 2307 862 2376 ita
877 2307 1020 2377 sensisse
1035 2309 1132 2390 quasi
1147 2309 1342 2392 accepisset!

429 2422 544 2493 “Num
559 2424 625 2493 ista
639 2423 760 2494 mulier
774 2424 849 2493 Neo
863 2424 1005 2494 Eboraci
1020 2430 1073 2494 est
1080 2425 1118 2495 ?’'

422 2522 497 2593 “lta
510 2524 642 2595 credo.”

424 2623 615 2706 “Quidnam
630 2632 785 2707 vocatur,
801 2631 836 2694 et
851 2623 909 2694 ubi
923 2623 1055 2694 habitat
1061 2626 1097 2696 l”

424 2722 510 2794 “Fas
524 2745 593 2793 non
608 2724 695 2793 duco
710 2724 945 2806 respondere.''

425 2823 634 2906 Goldberger
647 2831 788 2906 stupens
803 2846 882 2893 eum
897 2831 1090 2894 contuetur.

424 2923 538 2993 “Faxo
552 2930 594 2993 ut
609 2923 844 3006 respondeas?
859 2924 966 3007 vagit,
984 2923 1155 3007 “alioquin
1180 2926 1225 2995 ob
1249 2948 1340 3008 spre-

339 3033 411 3093 tam
425 3027 556 3093 curiam
571 3024 606 3092 in
622 3025 760 3093 vincula
775 3031 811 3093 te
825 3025 1032 3094 coniiciam.''

424 3123 575 3206 Godfrey
590 3124 728 3193 minime
743 3130 796 3194 est
811 3132 935 3194 motus.

425 3239 579 3310 “Feceris
594 3246 635 3310 ut
649 3241 773 3323 voles,’'
788 3241 896 3310 refert
911 3241 1099 3311 subridens.
1132 3240 1219 3311 “Per
1232 3264 1288 3311 me
1303 3243 1340 3311 li-

341 3339 439 3410 cebit.
461 3341 537 3410 Tuo
552 3347 668 3409 tamen
689 3340 725 3409 in
749 3341 820 3410 loco
845 3362 917 3411 rem
940 3341 1193 3424 perpenderem.
1230 3342 1343 3411 Herus

342 3441 461 3509 Lester
475 3439 688 3510 confirmabit
702 3441 879 3510 mulierem
894 3441 988 3510 nullo
1011 3441 1113 3510 modo
1138 3442 1173 3510 in
1198 3448 1342 3511 mortem

342 3539 412 3610 sive
429 3541 568 3623 Drouet,
584 3541 655 3610 sive
671 3541 818 3611 Vantide
833 3541 1039 3624 implicatam
1055 3541 1192 3611 fuisse.”

425 3657 635 3740 Goldberger
648 3658 802 3740 profecto
817 3657 1014 3740 perpendit;
1036 3657 1224 3740 periculum
1245 3659 1343 3741 puni-

342 3779 379 3827 re
394 3758 548 3827 tentandi
565 3757 726 3827 diurnum
742 3765 849 3827 tantae
864 3758 1076 3827 auctoritatis
1091 3764 1132 3826 ut
1145 3760 1288 3840 Record,
1304 3781 1343 3827 ac

341 3879 441 3940 porro
456 3858 639 3926 tassionem
654 3858 806 3940 Godfrey
820 3857 855 3926 in
867 3857 1114 3927 attenuandam
1123 3857 1342 3940 eiusrespon-

341 3958 442 4028 dcndi
458 3959 675 4040 negationem
691 3957 837 4042 denique
852 3957 1081 4040 accipiendam
1096 3958 1269 4028 iudicavit.

425 4074 517 4145 “Hoc
532 4097 641 4144 unum
657 4082 793 4144 tantum
807 4083 859 4144 est
883 4075 1139 4157 particularium
1162 4076 1255 4159 quod
1277 4075 1342 4146 De·

341 4176 468 4245 lectum
484 4175 599 4259 Grady
613 4175 815 4258 fefellerat,''
830 4175 982 4245 suaviter
993 4174 1170 4260 subiungit
1181 4175 1342 4260 Godfrey.
