3536 5156
423 876 487 945 218
690 889 901 944 ursmarum
922 889 1031 944 neem
1052 882 1171 942 some

422 1057 511 1129 Satis
525 1079 695 1142 superque
720 1058 954 1128 concitationis
980 1057 1111 1140 experti
1138 1079 1257 1127 sumus
1280 1055 1316 1126 in
1341 1078 1426 1142 prae·

422 1157 532 1229 sentia
545 1159 726 1229 dumtaxat
740 1194 780 1204 -
795 1180 908 1228 nonne
922 1165 1024 1241 putas
1032 1158 1069 1226 ?'’

507 1257 602 1342 “Ego
615 1267 707 1330 certe
723 1259 835 1342 satis,''
851 1280 1008 1329 assensus
1023 1258 1190 1341 respondi,
1217 1265 1425 1340 secutusque

422 1382 503 1429 eum
518 1382 595 1430 sum
611 1382 672 1443 per
686 1359 854 1429 ambitum
870 1361 913 1429 ad
923 1359 1006 1428 alios
1017 1359 1155 1442 gradus,
1167 1366 1244 1427 tum
1254 1358 1424 1440 deorsum,

422 1460 570 1544 denique
584 1461 677 1530 foras
692 1481 752 1543 per
768 1461 979 1530 lavatrinam.

494 1560 588 1643 “Ast,
598 1561 760 1642 Godfrey,
770 1561 925 1643 quisnam
933 1560 987 1629 ille
997 1560 1097 1629 homo
1109 1560 1201 1630 est?”
1212 1559 1353 1642 quaesivi
1365 1559 1426 1629 ite·

424 1683 510 1731 rum.
534 1659 623 1731 “Cur
637 1661 732 1730 illum
746 1661 913 1730 misellum
929 1683 1035 1743 supra
1049 1660 1193 1730 occidit?
1209 1660 1358 1730 Cumam
1372 1681 1424 1728 oc-

422 1762 504 1831 cidit
526 1761 656 1831 Drouet
671 1769 706 1830 et
721 1760 895 1831 Vantinei
928 1761 1085 1844 Quonam
1110 1762 1211 1830 modo
1233 1759 1425 1843 penetravit

423 1862 513 1932 aedes
527 1861 697 1931 Vantine?
718 1860 809 1945 Quid
824 1861 897 1929 haec
913 1861 1026 1929 omnia
1042 1860 1104 1930 sibi
1120 1862 1241 1931 volunt
1247 1861 1283 1930 ?’'

507 1961 588 2044 “A,''
605 1962 777 2045 respondit
791 1962 854 2042 iile,
870 1962 937 2030 leni
959 1961 1029 2030 risu
1054 1983 1107 2030 me
1132 1961 1316 2042 contuitus,
1339 1958 1423 2030 “ista

422 2064 495 2147 ipsa
510 2070 562 2132 est
576 2062 772 2144 quaestionis
798 2083 931 2130 summa
945 2097 985 2106 -
999 2062 1087 2130 circa
1113 2061 1195 2144 quid
1214 2061 1288 2130 haec
1309 2061 1423 2130 omnia

423 2162 622 2233 versentur!
658 2162 787 2233 Verum
803 2162 885 2243 haec,
900 2183 991 2230 nunc
1007 2162 1042 2230 in
1058 2161 1123 2244 via,
1150 2161 1241 2231 haud
1266 2161 1422 2230 dirimere

423 2284 613 2347 possumus.
635 2262 809 2331 Praeterea
834 2270 870 2330 et
895 2262 1017 2330 vellem
1043 2269 1167 2330 cuncta
1190 2261 1262 2330 haec
1288 2282 1423 2329 mecum

422 2385 483 2446 per
498 2363 649 2446 quietem
664 2370 833 2445 reputare,
848 2363 895 2430 mi
911 2362 1040 2444 Lester,
1055 2369 1090 2430 et
1104 2369 1139 2431 te
1155 2361 1188 2430 id
1214 2360 1422 2444 perpendere

422 2465 509 2533 volo.
527 2463 677 2546 interim,
692 2463 720 2532 si
734 2484 795 2545 per
809 2462 916 2531 otium
932 2462 1076 2545 licuerit,
1092 2461 1156 2531 hac
1170 2483 1313 2545 vespera
1328 2461 1372 2531 ad
1387 2469 1422 2530 te

423 2565 615 2713 decurramw,
625 2571 708 2633 tunc
723 2563 836 2632 licebit
851 2570 963 2631 totum
978 2563 1011 2631 id
1027 2569 1246 2644 pertractare.
1262 2562 1345 2631 Idne
1360 2559 1423 2630 tibi

424 2665 589 2834 place‘iidei
615 2764 791 2844 maxime,'’
818 2763 983 2846 respondi,
1015 2760 1096 2845 “per
1126 2762 1276 2832 Deorum
1305 2769 1421 2831 tamen

422 2865 524 2934 fidem
539 2865 657 2934 fallere
672 2886 727 2933 me
742 2864 877 2934 nolito.''

768 3277 1067 3501 Ψ
