3554 5156
451 911 514 981 100
712 927 919 980 nxsranmu
940 926 1048 980 naon
1069 921 1187 980 sousa

531 1094 727 1165 Reclinatus
741 1097 777 1164 in
801 1096 890 1178 sella,
916 1095 1029 1164 oculos
1053 1095 1173 1177 palmis
1198 1094 1337 1164 obtexit.
1370 1093 1448 1163 Vidi

448 1217 552 1279 quam
567 1194 602 1263 hi
616 1203 813 1276 tremerent,
829 1217 933 1278 quam
947 1196 1018 1278 ipse
1034 1203 1106 1264 toto
1120 1216 1259 1277 corpore
1274 1201 1447 1263 tremeret.

531 1294 841 1378 “Exspectandum”
870 1297 919 1364 ait
948 1317 1081 1365 raucus.
1108 1295 1273 1376 Exspecta
1308 1295 1408 1363 modo
1419 1294 1437 1362 !’

449 1396 528 1464 Mox
554 1418 589 1464 se
615 1396 757 1478 erigens,
784 1396 867 1464 dum
892 1396 1011 1464 vultus
1036 1417 1163 1476 angore
1184 1394 1327 1476 rigebat,
1349 1392 1448 1463 “Les-

447 1503 500 1565 ter
514 1496 560 1564 mi
572 1496 601 1564 !'’
622 1498 746 1566 clamat
760 1518 843 1564 voce
858 1495 949 1578 petili
973 1517 1044 1578 prae
1067 1516 1209 1578 pavore:
1248 1493 1356 1564 “Arca
1376 1515 1444 1563 non

446 1597 636 1665 custoditur
645 1595 674 1664 !''

531 1695 624 1765 “lmo
659 1695 881 1778 custoditur,”
911 1696 1077 1778 respondi.
1108 1694 1180 1764 “De
1203 1717 1243 1764 ea
1264 1695 1445 1765 dumtaxat

447 1819 483 1866 re
497 1797 645 1880 cogitavi
657 1795 685 1864 !”

530 1897 676 1966 Narravi
700 1897 746 1966 illi
769 1897 846 1965 dein
872 1896 996 1979 quibus
1020 1897 1161 1966 cautelis
1186 1918 1261 1966 eam
1284 1897 1446 1966 custodiri

446 1998 677 2080 providissem.
697 1997 774 2065 Non
791 1997 862 2064 sine
877 1996 1020 2078 suspirio
1035 1998 1202 2065 allevatus
1223 2019 1279 2065 me
1303 1997 1445 2066 audivit.

530 2097 693 2166 “Factum
720 2097 877 2179 optime,”
906 2095 1026 2177 inquit.
1050 2094 1179 2165 “Parks
1201 2095 1293 2166 haud
1318 2118 1445 2178 magno

445 2205 533 2265 esset
549 2197 713 2279 praesidio,
729 2220 770 2265 ex
786 2219 862 2265 mea
883 2197 1060 2276 sententia,
1076 2197 1103 2264 si
1119 2219 1173 2265 res
1187 2198 1223 2265 in
1237 2197 1456 2266 contrarium·

445 2304 638 2377 currerent3
661 2297 814 2366 existimo
829 2304 944 2366 tamen
960 2318 1073 2365 arcam
1088 2302 1199 2365 tutam
1221 2319 1294 2366 esse
1320 2331 1360 2342 —
1382 2296 1445 2365 hac

445 2404 553 2466 nocte.
575 2398 769 2479 Antequam
785 2403 898 2465 tamen
915 2396 1067 2479 proxima
1081 2418 1149 2465 nox
1164 2396 1315 2479 obrepat,
1327 2397 1446 2466 Lester

445 2499 502 2580 mi,
517 2498 579 2666 iplsi
593 2520 655 2612 nos
663 2497 913 2648 inspiciemus?

566 2619 792 2680 aspiciemus,

529 2697 611 2778 “Sic‚
628 2699 758 2778 Hercle,
772 2698 924 2766 forulum
940 2699 1110 2767 occultum
1126 2697 1333 2780 exploraturi
1343 2697 1371 2766 !”
1464 2772 1467 2795 ι

529 2798 631 2880 Quasi
646 2799 788 2866 fascinio
802 2805 914 2866 tactus
927 2797 1023 2867 illum
1048 2804 1221 2879 contueor,
1245 2797 1304 2866 sed
1330 2798 1444 2866 animo

445 2899 612 2966 recellens.

528 2997 593 3066 “Et
608 2998 845 3080 reperiemus,”
861 2998 1045 3067 subiunxit.

528 3097 727 3167 “D'Aurelle
751 3105 785 3166 et
802 3090 949 3168 Vantine
974 3105 1173 3181 repererunt
1189 3099 1299 3182 eum,''
1327 3120 1442 3168 musso

444 3221 509 3281 ego
524 3220 672 3368 spissius.
691 3299 727 3348 w

624 3321 702 3367 um.

527 3398 701 3481 “Uterque
716 3407 768 3468 est
789 3406 946 3468 mortuus
956 3398 985 3467 !”

526 3499 580 3567 “N
582 3521 618 3566 os
632 3521 699 3568 non
716 3499 852 3568 occidet.
875 3499 946 3566 Nos
960 3521 1035 3567 eam
1047 3520 1118 3566 rem
1130 3498 1251 3566 muniti
1264 3498 1441 3581 obibimus,

444 3599 491 3667 mi
507 3599 636 3668 Lester.
658 3600 749 3668 Dens
764 3599 817 3668 ille
832 3607 1022 3668 venenatus
1036 3599 1206 3668 incassum
1221 3599 1322 3667 feriet
1338 3600 1399 3642 —’'

526 3698 623 3767 “Noli
635 3698 662 3766 !’'
684 3701 792 3769 clamo
818 3721 881 3780 ego
897 3700 930 3766 in
947 3699 1061 3767 sellam
1083 3721 1137 3766 me
1160 3699 1307 3766 revulso.
1345 3698 1441 3781 “Ego

442 3835 483 3843 -
498 3821 572 3880 ego,
586 3800 738 3881 inquam,
754 3800 786 3867 id
803 3801 917 3867 facere
931 3821 1073 3881 nequeo,
1089 3798 1250 3879 Godfrey‚
1278 3799 1332 3866 Me
1348 3799 1442 3880 igna-

443 3921 526 3968 vum
542 3921 609 3967 non
625 3921 697 3968 esse
713 3901 783 3968 Diis
798 3907 917 3967 notum
933 3935 973 3943 —
989 3907 1023 3966 at
1039 3921 1107 3967 non
1124 3898 1204 3966 illud
1216 3899 1245 3965 !”

526 3999 636 4067 “Turn
651 4007 689 4068 tu
706 4022 760 4067 me
774 4000 955 4066 facientem
972 3999 1168 4080 spectabis‚’'
1184 3999 1305 4080 inquit.

488 4113 491 4120 '
525 4099 583 4168 “ld
600 4100 703 4169 etiam
720 4101 871 4168 deterius
887 4100 1006 4167 esset.'’

525 4199 593 4269 “At
609 4223 673 4283 ego
688 4207 829 4283 paratus
844 4221 910 4279 ero,
931 4199 1059 4268 Lester.
1093 4198 1236 4268 Nullum
1262 4199 1327 4269 erit
1353 4199 1440 4282 peri·
